2632 4814
205 363 251 433 28
336 395 343 423 ι
498 368 536 434 L.
564 365 742 436 ANNAEI
761 315 998 438 ‘SENECAE'

254 486 331 581 Egit
353 503 564 571 armentum,
583 490 759 583 positoque
777 489 904 583 plectro

252 600 377 691 Impari
395 614 508 668 tauros
528 597 655 667 calamo
675 602 816 669 vocavit.

253 706 371 798 Induit
390 708 514 776 formas
533 710 664 802 quoties
681 711 828 778 minores

250 820 344 910 Ipse,
365 819 423 911 qui
442 817 558 887 caelum
582 818 787 914 nebulasque
807 818 920 888 ducit?

252 926 423 996 Candidas
441 927 510 997 ales
527 929 629 997 modo
648 930 755 1012 movit
772 929 861 1015 alas,

252 1034 397 1106 Dulcior
412 1064 529 1106 vocem
549 1040 713 1108 moriente
733 1065 849 1134 cycno.

252 1151 377 1216 Fronte
396 1174 487 1217 nuuc
505 1165 600 1218 torva
616 1149 771 1243 petulans
786 1150 950 1242 juvencus

252 1259 432 1352 Virginum
453 1261 571 1329 stravit
592 1286 652 1328 sua
675 1275 768 1354 terga
788 1258 883 1343 ludo,

253 1370 384 1463 Perque
403 1369 584 1456 fraternos,
602 1395 689 1438 nova
709 1394 836 1463 regna,
851 1369 992 1449 fluetus,

252 1478 390 1572 Ungula
408 1479 515 1548 lentos
534 1481 684 1548 imitante
704 1505 830 1562 remos,

252 1589 391 1657 Pectore
408 1590 545 1658 adverso
564 1590 695 1657 domuit
718 1589 944 1684 profundum,

252 1700 823 1793 fflmmmfflmwm

254 1811 344 1876 Arsit
367 1810 500 1878 obscuri
513 1815 595 1880 xDea
616 1809 705 1878 clara
726 1809 843 1877 mundi
935 1833 939 1840 ’

255 1919 363 1988 Nocte
381 1918 529 2002 deserta,
550 1919 739 2013 nitidosque
757 1918 854 1988 fratri
895 1936 897 1941 ’
1240 1935 1274 1973 ³¹0

207 2100 304 2157 posset.
317 2089 368 2142 Atii
381 2084 722 2155 contra,eumdemdivini·
767 2089 795 2142 ni
809 2089 937 2149 fallimur,
959 2103 1009 2138 nec
1030 2082 1104 2161 quod
1118 2083 1213 2137 referri
1232 2082 1275 2135 de-

206 2167 288 2219 uitate
298 2187 312 2220 a
323 2169 392 2221 Jove
403 2183 511 2222 exutum
525 2171 636 2236 volunt,
658 2189 722 2241 pro·
766 2170 827 2221 beat
837 2168 870 2222 ad
882 2168 1053 2233 torsiasroutq
1067 2165 1123 2217 scil.
1136 2175 1274 2216 construe:

207 2260 267 2316 pter
279 2247 429 2301 interfectos
444 2251 585 2321 Cyclopas.
766 2271 776 2292 α
785 2251 922 2319 juvencus,
928 2248 1043 2299 frontem
1054 2245 1155 2296 habeus
1166 2256 1275 2305 torvam,

250 2327 315 2395 298.
331 2329 431 2399 Imperi.
447 2330 603 2400 Disparibus
615 2348 735 2401 compar
766 2341 792 2380 et
807 2327 935 2398 petulans.
950 2353 960 2373 ι

209 2418 250 2457 cta
264 2407 370 2459 calamis
385 2409 480 2461 fistula.
490 2439 529 2451 ·-
541 2411 658 2470 Voconii,
676 2428 722 2481 pa·
808 2408 872 2471 304.
884 2408 1013 2477 Virginem
1026 2407 1127 2469 strauit,
1143 2415 1193 2455 eto.
1207 2401 1276 2454 Stra·

207 2486 303 2537 storale
318 2487 370 2539 hoc
390 2489 451 2541 loco
472 2489 604 2552 verbum
625 2489 722 2541 ducere
766 2488 819 2552 vit,
840 2487 961 2539 submisit
975 2503 1021 2537 sua
1033 2496 1120 2554 terga,
1132 2495 1163 2534 ut
1176 2483 1277 2551 praebe·

208 2583 276 2616 sono
284 2565 395 2633 fistule,
408 2587 452 2620 seu
465 2567 498 2620 ad
510 2588 621 2640 pascua,
634 2589 679 2621 seu
688 2567 722 2621 ad
765 2581 806 2620 ret
816 2565 894 2619 ludos
908 2565 1066 2636 virginibus.

139 2664 142 2669 ·
207 2644 319 2698 stabula.
808 2645 871 2698 305.
891 2647 963 2699 Nora
982 2663 1072 2712 regua,
1090 2641 1208 2694 ubitam
1225 2640 1278 2710 pri·

167 2767 169 2772 ,
251 2743 316 2793 ²99·
329 2726 449 2791 Minores,
458 2727 565 2780 viliores
578 2746 654 2798 quam
668 2728 722 2780 for·
766 2745 839 2778 mum
848 2727 890 2796 jus
904 2724 1053 2777 exercebat.

207 2820 251 2856 ma
270 2806 401 2875 Apollinis
418 2807 446 2859 in
463 2820 595 2878 pastorem
614 2808 716 2860 mutati.
806 2806 869 2858 306.
883 2807 981 2866 Lentos,
999 2801 1125 2864 mobiles,
1139 2799 1276 2853 flexibiles.

251 2884 312 2936 300.
334 2887 404 2955 Ipse,
424 2887 545 2957 Jupiter3
568 2906 646 2957 quem
669 2887 721 2938 hoc
808 2884 870 2939 308.
888 2886 939 2937 Pro
952 2903 995 2934 sua
1010 2885 1173 2952 rapina,pro
1191 2881 1278 2931 Euro·

207 2963 333 3032 potentie
346 2966 420 3035 siguo
431 2967 527 3036 saepius
541 2966 658 3036 designat
668 2967 723 3018 Ho·
765 2983 799 3034 pa
809 3004 816 3028 ,
827 2964 880 3015 filia
895 2962 1043 3034 Agenoris,
1056 2979 1136 3031 quam
1149 2978 1164 3012 e
1176 2958 1279 3012 Phoeni·

208 3059 314 3107 merus,
329 3057 359 3095 ut
378 3046 460 3097 nubes
479 3058 555 3116 cogat
573 3045 721 3117 ducarque,
766 3045 806 3097 eia
820 3044 847 3094 in
863 3043 968 3095 Cretam
985 3041 1083 3111 rapuit.
1099 3070 1138 3082 -
1153 3039 1278 3103 Timidus,

208 3119 285 3174 Iliad.
297 3124 324 3187 Ι,
339 3124 406 3193 397,
424 3127 492 3189 560,
507 3138 559 3177 etc.
766 3123 821 3176 scil.
832 3142 866 3174 ne
876 3135 1052 3192 mergeretur3
1061 3132 1087 3171 et
1098 3137 1196 3190 nempe
1211 3138 1278 3170 nora

251 3202 314 3254 301.
326 3203 396 3255 Ales.
410 3205 516 3269 Quum,
528 3204 617 3274 specie
629 3203 721 3274 cycni,
765 3214 856 3269 erant,
866 3221 961 3273 parum
975 3200 1025 3271 ipsi
1036 3210 1175 3264 consueta,
1187 3217 1278 3270 regna.

206 3278 302 3334 adierit
315 3283 413 3335 Ledam
427 3303 536 3336 uxorem
548 3282 669 3354 Tyndari
678 3302 720 3336 re·
808 3284 871 3352 309.
889 3282 993 3334 Obscari
1007 3280 1063 3329 Dea
1083 3279 1173 3330 mundi.
1195 3279 1278 3330 Diana

208 3361 247 3430 gis
256 3361 389 3415 Lacouiae.
765 3377 824 3434 'quae
838 3361 950 3414 illustrat
969 3360 1077 3423 orbem,
1100 3357 1167 3409 dum
1184 3357 1279 3410 obscu-

250 3440 314 3493 302.
324 3443 428 3494 Dulcior
439 3463 535 3506 aiacem,
546 3440 617 3494 dulc.
630 3460 722 3494 secun·
765 3461 826 3494 rum
838 3441 900 3494 facit
917 3439 979 3493 solis
993 3438 1120 3490 absentia.

208 3518 272 3570 dum
283 3539 385 3574 vocem.
395 3523 562 3574 —Mo‘riente
571 3542 653 3594 cycno.
668 3522 721 3593 Cy·
807 3522 870 3574 310.
883 3521 963 3574 Nocte
975 3520 1077 3570 deserta.
1090 3517 1184 3569 Noctis
1195 3517 1279 3584 impe·

207 3616 344 3651 cnoscum
363 3601 501 3671 voluptate
513 3614 539 3654 et
554 3615 631 3655 cantu
651 3601 720 3653 mori
764 3601 823 3665 rio,
836 3618 947 3652 munere
962 3597 1047 3650 noctis
1056 3595 1220 3648 illustrandae
1232 3594 1277 3646 de·

206 3679 721 3751 negantaaniorisjudiciiauctores3nec
765 3693 847 3732 serto.
862 3709 901 3719 -
919 3679 1043 3738 Notum
1064 3690 1090 3729 et
1111 3689 1139 3727 ut
1161 3676 1278 3727 solemne

206 3755 256 3808 nisi
268 3755 341 3826 apud
351 3761 502 3826 poetas,uti
510 3760 618 3830 quidem
629 3761 722 3812 luben-
765 3760 852 3829 poetis
875 3771 929 3821 est,
952 3769 1097 3827 argenteos.
1119 3786 1158 3796 -
1177 3755 1281 3817 Ἐναινὶ,

206 3838 304 3890 tissime
317 3855 365 3890 nos
379 3838 505 3905 facimus,
518 3841 571 3893 tale
582 3859 720 3892 commen·
765 3839 924 3890 Phoeb0.-
933 3839 1032 3898 Autem·
1045 3834 1143 3887 alludit
1155 3833 1191 3886 ad
1202 3834 1279 3885 dissi·

207 3929 264 3970 tum
279 3916 339 3970 licet
351 3917 498 3971 admittere.
661 3955 666 3968 .
764 3916 942 3970 militudinem
956 3916 1092 3986 utriusque
1104 3933 1209 3978 cursus,
1219 3913 1279 3966 solis

248 3998 312 4052 303.
325 3998 455 4062 Petulans,
472 3999 591 4052 absolute
602 3997 720 4064 dictum,
765 4011 792 4051 et
802 4000 880 4050 lunae.
