2632 4814
310 410 657 494 HIPPOLYTUS.
684 413 793 484 ACT.
816 416 848 507 1.
1060 427 1108 480 ἰι

161 535 233 616 Εη,
251 529 328 599 diva
346 531 455 601 favet:
469 535 602 628 siguum
614 535 731 628 'arguti

163 642 288 710 Misere
302 666 411 713 canes.
423 646 537 714 Vocor
553 646 588 713 in
607 643 716 714 silvas.

163 756 253 839 Hac,
280 753 342 823 hac
361 779 516 850 pergam,
534 781 599 849 qua
618 758 671 825 via
689 754 829 851 longum
919 748 922 768 ⁸

521 867 826 962 *Compensat‘iten

332 1103 579 1188 PHAEDRA,
611 1103 835 1174 NUTRIX.

88 1302 206 1377 eumn.
224 1306 256 1373 Ο
272 1327 394 1397 magna
408 1303 492 1372 vasti
506 1307 604 1374 Creta
624 1301 828 1373 dominatrix
844 1301 939 1391 freti,
1090 1329 1115 1367 σε

88 1413 196 1505 Cujus
213 1438 273 1505 per
291 1439 391 1482 omne
410 1413 491 1498 litus
507 1415 690 1483 innumerae
708 1430 796 1484 rates

88 1525 242 1597 Tenuere
260 1538 418 1617 pontum,
435 1525 600 1619 quidquid
614 1526 747 1621 Assyria
767 1541 865 1594 tenus

10 1693 12 1698 .
88 1628 224 1700 Tellure
239 1635 368 1705 Nereus
384 1637 516 1728 pervius
539 1637 654 1704 rostris
675 1629 782 1723 secat,

92 1743 162 1810 Cur
179 1770 232 1811 me
253 1745 289 1812 in
303 1760 439 1839 penates
455 1746 603 1815 obsidem
619 1747 743 1816 invisos
761 1745 891 1830 datam,

91 1854 255 1946 Hostique
272 1871 434 1950 nuptam,
455 1857 573 1951 degere
591 1872 720 1927 aetatem
740 1858 775 1925 in
795 1855 890 1924 maiis
1091 1885 1118 1924 s·

87 2053 560 2122 81.Argui.1.atratibusins0nsnres.
647 2057 694 2123 89.
703 2055 734 2107 In
745 2066 861 2124 penam,
870 2065 922 2107 etc·
938 2079 949 2100 ι
960 2051 1117 2120 Traditum,

89 2131 122 2184 83
137 2151 177 2204 eq.
201 2133 260 2202 Qua
277 2136 321 2185 uia
334 2135 402 2204 dmg.
416 2134 563 2206 Compensat
604 2134 680 2205 quasi
698 2133 834 2198 obsidem,
855 2132 954 2185 odiosis
976 2134 1118 2203 penatibus

55 2212 101 2264 iter.
112 2211 161 2264 Per
173 2213 226 2266 iter
235 2213 559 2283 magiseompendiosum.
605 2213 711 2267 Thesei.
726 2238 737 2259 ι
764 2215 820 2267 Cur
840 2233 868 2266 se
887 2213 992 2265 obsidem
1012 2213 1117 2266 Theseo
1192 2260 1199 2270 .

56 2287 170 2346 Fsussu‘.
604 2294 687 2346 datam
701 2294 818 2364 appellet
832 2291 944 2345 Phaedra
957 2294 1001 2344 vix
1015 2293 1116 2364 liquet;

90 2370 148 2425 Aet.
169 2373 199 2435 1,
223 2389 260 2424 se.
282 2390 315 2425 11.
335 2372 448 2427 Phsedra
470 2393 561 2427 amore
604 2392 653 2427 nee
668 2373 830 2425 mentionem
844 2373 926 2425 ullam
937 2373 999 2425 fucit
1009 2373 1116 2425 Plutar-

59 2445 186 2521 Hippolyti
206 2450 302 2504 ardere
324 2471 351 2505 se
371 2453 468 2506 fatetur
487 2451 561 2524 apud
604 2452 686 2518 chus,
699 2453 745 2524 qui
760 2453 881 2505 omniurn
900 2452 948 2522 qui
968 2464 1069 2504 exstent
1086 2453 1115 2505 in

59 2530 191 2593 nuuieem,
210 2532 310 2583 frustra
329 2550 387 2589 eam
406 2552 420 2585 a
442 2545 496 2586 tam
511 2536 574 2586 ne·'
604 2532 656 2585 vita
669 2533 757 2585 herois
767 2530 915 2584 enarranda
925 2533 1059 2602 plurimus
1067 2544 1116 2585 est.

60 2607 126 2662 tando
141 2629 234 2663 amore
249 2608 445 2664 dehortantem.
604 2611 704 2666 Forsan
722 2611 841 2664 indicare
861 2613 919 2664 vult
939 2609 1070 2675 Phaedra,
1089 2631 1117 2664 se

91 2689 189 2744 sepa.
201 2691 228 2742 0
238 2709 341 2760 magua,
352 2706 404 2745 ete.
420 2718 430 2738 ι
443 2691 560 2763 Opatria
604 2692 688 2762 ipsam
703 2692 754 2747 sibi
771 2689 857 2744 videri
870 2691 1008 2743 furoribus
1019 2691 1119 2754 Thesei,

60 2783 118 2834 mm,
135 2769 216 2822 Creta
227 2770 326 2834 insula,
340 2769 376 2824 ad
393 2769 560 2824 dominatum
603 2772 759 2837 obnoxiam,
773 2784 813 2837 et,
826 2784 857 2823 ut
868 2770 898 2823 fit
914 2769 1065 2832 obsidibus,
1076 2788 1117 2825 are

60 2848 124 2901 mm
142 2849 227 2902 sitan
253 2851 321 2903 Nam
345 2851 436 2904 Minos
458 2852 511 2904 sihi
534 2865 560 2905 et
603 2852 685 2904 bitrio
696 2839 851 2923 permissam
870 2850 1011 2920 viriquem
1028 2849 1119 2902 Mino·

60 2925 141 2982 ricinus
152 2929 262 2994 insulas,
270 2943 297 2983 et
307 2930 447 2983 maximam
457 2945 560 3002 partem
603 2932 686 2996 tauri,
703 2931 815 2995 Minois,
835 2928 957 2983 Ariadnae
972 2930 1120 2996 memoria¹

61 3004 154 3062 Gracia
165 3008 295 3062 subdidit.
312 3010 399 3063 Fies.
604 3010 631 3062 in
651 3013 753 3064 subitos
776 3010 875 3062 suroris
894 3011 1013 3080 impetus
1030 3022 1119 3081 potest¹

91 3089 132 3142 86.
150 3089 204 3140 Per
223 3108 293 3141 omne
311 3091 384 3155 litus,
395 3089 560 3156 secundum,
605 3089 723 3144 trudere.
744 3088 796 3142 dut
813 3090 959 3160 simplicius
973 3103 1011 3143 est
1028 3090 1118 3153 forsan

60 3165 120 3234 juxta
131 3168 214 3222 litora
229 3187 418 3241 quecumque.
603 3169 743 3224 admittere
755 3171 910 3234 Cretenses,
924 3175 993 3241 qu'oe
1004 3169 1121 3239 alloquia

90 3248 135 3316 87.
158 3249 281 3312 Tenuere,
303 3261 394 3303 tenere
414 3250 516 3315 soient,
532 3261 562 3302 ut
604 3262 650 3302 tur
662 3251 705 3303 hie
721 3249 847 3316 Phaedra,
858 3250 955 3301 Thesei
969 3249 1049 3300 armis
1069 3248 1117 3300 ali·

59 3327 140 3394 posim
157 3329 304 3399 praeterita.
318 3359 358 3370 -
371 3329 510 3400 Quidquid,
531 3329 560 3380 in
604 3329 710 3400 quando
722 3330 910 3392 coaetos,huic
920 3331 1060 3398 conjugem
1070 3325 1119 3379 de·

59 3421 81 3456 tt
91 3407 268 3479 omni'perte,
279 3426 368 3479 quam.
381 3409 562 3473 Quantanum·
604 3409 672 3462 disse
685 3409 824 3461 Phaedram
832 3448 840 3474 ,
851 3411 931 3479 regiae
951 3407 1039 3477 stirpis
1053 3406 1116 3458 reii-

58 3480 560 3560 quesitpoutipare'quam'seeahetu
604 3507 683 3560 quam
705 3490 827 3560 prolem,
851 3485 888 3539 et
902 3507 980 3558 quam
1002 3486 1132 3542 noluerit¹

56 3561 138 3631 idest,
155 3565 291 3638 quidquid
303 3580 341 3620 est
352 3568 430 3638 spatii
441 3569 474 3620 ah
485 3568 561 3638 Syria
604 3569 653 3622 sibi
677 3568 746 3620 tradi
766 3568 901 3630 Theseus,
920 3568 962 3620 vei
981 3578 1117 3637 tamquam

56 3645 172 3714 usquead
181 3649 328 3700 contrarias
338 3647 513 3718 partes,quod
523 3647 564 3700 di·
604 3648 739 3700 fidelitatis
761 3649 927 3702 Cretensium
944 3648 1055 3718 pignus,
1074 3647 1116 3698 vei

55 3722 113 3777 vidit
132 3727 175 3778 vei
197 3726 320 3780 interluit
333 3728 435 3782 Nereus
453 3729 563 3798 pervius
605 3729 667 3798 quia
678 3728 781 3780 amabat
791 3728 1010 3784 eam-Inuisus.
1021 3727 1120 3797 Loquin

53 3805 166 3858 ustibus.
183 3805 277 3859 (hott.
606 3821 649 3860 tur
669 3808 765 3859 mulier
786 3808 927 3877 impotenti
947 3820 973 3860 et
993 3805 1118 3863 adultero

89 3886 132 3938 88.
144 3886 247 3938 Persius
259 3889 352 3940 rostris.
362 3886 464 3940 Vocem
478 3891 563 3940 rostris
605 3906 695 3940 amore
708 3887 848 3939 obcecata.

10 4011 13 4024 ,
52 3960 137 4017 dstivo
148 3984 213 4018 casu
223 3965 391 4035 sumendum.
404 3969 562 4032 -Rostris,
649 3966 1121 4037 90.Hosti,Theseo,quiAtheniens
1222 3980 1235 3994 ·

51 4045 155 4098 navium
169 4047 269 4117 proris.
608 4047 709 4113 sisest3
730 4047 777 4117 qui
799 4039 982 4100 Minotaurum
1007 4045 1123 4112 oceidita
