2632 4814
423 256 430 289 l

288 373 637 464 nteeonrru's.
663 391 774 460 Aer.
796 393 848 459 11.

82 525 184 615 Seges
203 518 262 589 illa
280 543 440 612 magnum
458 516 566 585 foenus
583 512 737 610 agricolae
759 513 868 596 dabit,

84 631 317 722 Quaecumque
335 627 418 697 laetis
434 642 548 695 tenera
565 624 713 693 luxuriat
729 625 827 694 satis:

84 739 263 833 Arborque
281 737 369 807 celso
387 737 511 806 vertice
528 736 660 804 evincet
680 727 818 819 nemus,
963 761 968 790 ι

80 850 196 937 Quam
218 874 288 918 non
305 847 453 942 maligna
472 845 585 933 caedit,
607 861 666 914 aut
687 843 815 914 resecat
835 867 964 911 manus.

86 960 229 1053 Ingenia
247 956 365 1027 melius
384 973 476 1028 recte
498 982 532 1025 se
550 956 587 1025 in
602 955 718 1025 leudes
736 953 868 1037 ferunt,

86 1068 124 1136 Si
145 1065 295 1136 nobilem
315 1068 464 1135 animum
484 1080 602 1159 vegeta
623 1064 761 1134 libertas
779 1061 848 1132 alit.

25 1170 31 1181 ⁹
84 1177 330 1263 Truculentus,
350 1193 384 1247 et
404 1176 565 1263 silvester,
584 1194 617 1246 et
634 1178 711 1245 vitte
727 1175 870 1259 inscius,

88 1289 235 1358 Tristem
250 1289 424 1382 juventam
439 1290 576 1358 Venere
594 1285 723 1356 deserta
740 1283 831 1354 colis.

88 1401 165 1468 Hoc
187 1423 258 1468 esse
277 1422 400 1467 munus
418 1398 524 1467 credis
543 1398 707 1467 indictum
725 1395 824 1477 viris,

89 1510 141 1577 Ut
159 1507 245 1577 dura
265 1507 434 1578 tolerent?
451 1509 605 1597 cursibus
623 1507 789 1576 domitent
806 1529 928 1599 equos,

91 1619 140 1718 Et
154 1641 240 1686 saeva
256 1616 346 1686 bella
364 1622 473 1687 Marte
492 1618 676 1712 sanguineo
696 1615 835 1712 gerant?
1062 1630 1118 1706 „⁴⁶⁶

87 1726 242 1796 Providit
259 1725 313 1796 ille
333 1729 498 1796 maximus
517 1727 633 1795 mundi
651 1751 787 1820 parem,
1062 1772 1070 1800 ι

90 1838 211 1925 Quum
229 1851 298 1906 tam
319 1863 454 1931 rapaces
471 1853 622 1928 cerneret
640 1836 699 1906 fati
720 1860 859 1921 manus,

92 1950 142 2017 Ut
163 1935 286 2017 demna
305 1972 436 2043 semper
455 1946 570 2016 sobole
588 1960 759 2040 repararet
778 1969 873 2013 nova.

94 2056 264 2144 Excedat,
279 2058 442 2154 agedum,
465 2059 564 2127 rebus
582 2056 738 2126 humanis
756 2058 890 2141 Venus,
1153 2135 1156 2138 ⁴

97 2169 184 2256 Quae
206 2167 400 2262 suppletae
419 2168 565 2237 restituit
588 2168 787 2237 exhaustum
811 2190 933 2260 genus3
1081 2192 1120 2237 tro

18 2401 19 2404 ,
54 2358 89 2411 les
98 2358 274 2413 adolescentis
287 2373 457 2431 comparatur
472 2361 563 2413 erboni
607 2362 648 2412 uui
667 2359 751 2431 γοργὸν
771 2359 860 2424 illiers
872 2379 878 2392 ·
890 2365 962 2412 τοῦτο
976 2359 1020 2429 μὲν
1034 2357 1076 2409 καὶ
1093 2361 1121 2410 ἐκ

55 2451 140 2499 mette,
151 2441 394 2509 proceritatemque
403 2441 565 2512 justam,ni·
608 2443 651 2499 τῆς
664 2441 745 2510 θηρίου
765 2442 870 2508 τροφῆς,
891 2439 944 2493 inei
962 2438 1004 2492 καὶ
1025 2443 1120 2507 θυμοιι-
1207 2504 1214 2514 ι

58 2517 76 2568 ei
94 2531 226 2585 enecetur,
243 2519 296 2571 nisi
317 2520 396 2572 nimis
416 2515 563 2585 excidatur,
606 2515 653 2580 «lit
668 2515 713 2583 tls,
727 2514 777 2575 tte
790 2514 818 2571 dl
831 2519 873 2571 καὶ
890 2527 938 2572 τῶν
952 2521 974 2571 ἐν
989 2520 1039 2578 τοῖς
1054 2519 1119 2584 ὄρεσι

60 2597 194 2651 affectanti.
222 2599 257 2651 Et
282 2600 370 2670 pergit
399 2600 427 2650 in
455 2617 563 2671 compa·
606 2598 1006 2669 pupuuciosAEennm-Vitae
1022 2600 1118 2648 Iturius.

61 2676 154 2741 tendo,
170 2697 208 2732 vs.
221 2697 260 2749 sq.
607 2679 669 2731 Vita
683 2678 736 2731 frui
753 2677 867 2730 nescius.
912 2726 915 2734 ,

97 2757 458 2828 455.Foeuus,proventum.
649 2759 716 2821 463.
739 2756 874 2821 indictum,
899 2755 1066 2826 impositum.
1085 2787 1121 2799 -

98 2837 160 2899 456.
179 2835 266 2902 Satis,
290 2837 452 2903 seminibus,
473 2855 506 2890 ex
529 2844 564 2906 τῷ
611 2829 712 2902 Credit,
725 2836 912 2908 interrogantis
923 2848 971 2888 est.

67 2926 125 2978 tuo,
138 2929 254 2972 satorum.
270 2947 311 2959 -
324 2917 459 2982 Luxuriat,
479 2918 566 2970 abun·
651 2916 903 2981 respueruent,
916 2928 966 2968 etc.
979 2914 1050 2967 Hinc
1059 2914 1123 2967 inci·

69 2991 112 3046 dat.
121 3026 159 3038 -
172 2998 279 3060 Tenem,
289 2995 356 3049 dum
371 2997 525 3066 juvenescit.
608 2996 648 3067 pit
657 2996 769 3068 'elegans
780 2995 942 3048 matrimonii
955 2993 1123 3048 commenda·

101 3075 163 3136 458.
178 3076 309 3145 Maligna,
328 3076 452 3139 inimica,
466 3074 564 3128 invida.
609 3077 645 3128 tio
655 3115 664 3140 ,
674 3077 718 3128 cui
728 3074 843 3146 adjunge
852 3075 965 3147 Augusti
974 3075 1124 3127 orationem

71 3150 119 3205 Plus
129 3168 168 3208 est
183 3156 276 3206 cudere
288 3174 367 3226 quem
382 3175 495 3208 resecare.
608 3167 703 3208 contra
715 3156 831 3219 caelibes,
840 3154 912 3226 upud
922 3156 1046 3207 Dionem.
1055 3154 1076 3206 F
1079 3173 1124 3206 tu·

100 3234 160 3301 459.
172 3236 264 3294 Recta,
280 3235 509 3301 bona,liberalia,
523 3234 566 3285 in·
608 3230 724 3287 rstej-
734 3235 855 3287 Providit.
876 3234 1027 3287 Prudenter
1046 3251 1122 3285 cura·

72 3326 166 3377 genuam
182 3313 352 3367 altitudinem
374 3315 505 3385 attingere
521 3332 566 3366 ra·
609 3315 661 3379 vit3
674 3328 700 3367 et
707 3316 794 3385 ‘junge
815 3333 877 3366 cum
894 3326 938 3376 ut,
953 3332 991 3365 vs.
1006 3315 1072 3375 tte.

72 3386 143 3444 lenia.
153 3394 208 3446 Vix
221 3407 310 3446 eutem
321 3394 495 3464 intelligimus
508 3413 566 3446 sen·
651 3395 793 3456 etitem.
801 3407 827 3445 ut
836 3394 1063 3463 damnarepararet.
1071 3391 1125 3444 Cu·

74 3483 117 3521 turn
136 3472 278 3527 Furnahii:
292 3493 370 3527 «non
388 3487 495 3538 coactu,
511 3491 566 3526 non
608 3474 677 3526 ravit
689 3473 786 3525 damna
801 3470 957 3543 reparanda.
1119 3478 1122 3482 '

75 3543 212 3618 depressus
232 3584 273 3595 -·-
288 3555 318 3606 Iu
338 3554 431 3620 laude,
449 3551 483 3611 ed
498 3553 567 3606 iacto
653 3552 983 3622 469.Agedum.Forruula
996 3551 1129 3623 hypothet

75 3626 178 3693 gloriosa.
610 3632 671 3685 tica.
681 3663 721 3672 -·
733 3632 825 3684 Exced.
839 3633 887 3684 reb.
898 3634 994 3684 human.
1002 3632 1125 3685 Tollatur

106 3714 163 3771 ido.
176 3712 357 3782 Vegeta,quae
368 3725 475 3782 vegetos
489 3711 567 3776 facit,
611 3712 644 3763 ab
662 3712 802 3764 hominum
826 3712 960 3765 societate.
975 3743 1015 3753 -
1034 3712 1126 3763 Venus.

78 3797 97 3834 et
104 3789 193 3843 virium
213 3810 325 3844 suarum
338 3793 407 3843 bene
420 3803 566 3861 compotes.
614 3792 689 3843 Alma
705 3792 826 3844 omnium
843 3793 965 3863 genitrix,

109 3873 166 3929 tor.
179 3871 352 3934 Truculeutus,
363 3883 388 3921 et
401 3871 514 3923 silvester.
521 3871 571 3922 Ta·
656 3877 720 3940 dyo.
733 3872 884 3923 Exhaustum
896 3892 980 3941 genus.
995 3872 1066 3923 Citnt
1078 3872 1128 3923 Be·

80 3941 103 3993 lis
110 3959 131 3997 et
141 3949 256 4003 Atalanta
274 3949 436 4003 describitur
449 3951 569 4013 AElieno,
614 3949 676 4004 den.
686 3951 762 4020 plura
776 3952 833 4003 loce
847 3952 900 4004 huc
912 3951 1064 4022 spectantia:
1076 3951 1130 4002 Eu·

82 4021 130 4077 Ver.
142 4027 236 4082 Histoe.
250 4031 334 4095 XIII,
348 4050 358 4082 1
374 4022 529 4101 τᾸῤῥενωπὸν
540 4025 568 4080 di
614 4027 694 4101 ripid.
708 4031 735 4083 iu
751 4030 857 4101 OEdip.
870 4031 1018 4101 Fragment.
1034 4030 1127 4094 XVII;
