2632 4814
332 356 682 480 HIPPoLYTus.
708 413 816 502 AGT.
843 413 870 478 l.

111 523 261 594 Titulum
278 527 384 597 firrori
403 531 549 599 numinis
566 530 640 600 salsi
658 530 796 612 addidit.

109 639 234 705 Natum
253 664 314 733 per
332 665 447 709 omnes
466 639 592 711 scilicet
608 656 713 710 terras
728 666 850 736 vagum

111 749 253 841 Erycina
270 751 383 819 mittit.
398 749 458 819 Ille
475 777 535 845 pcr
555 751 673 821 caelum
696 752 809 822 volans

110 859 271 928 Proterva
289 875 401 930 tenera
422 859 642 931 telarmolitur
662 888 783 949 manu;

112 971 335 1063 Regnumque
352 986 483 1039 tantum
502 973 662 1040 minimus
685 973 719 1040 iu
738 973 876 1066 Superis
894 972 1003 1041 habet.

112 1081 208 1166 Vana
225 1080 288 1149 ista
307 1080 443 1150 dernens
458 1083 591 1151 animus
610 1072 753 1152 adscivit
769 1084 851 1166 sibi,

113 1190 320 1284 Venerisque
343 1216 468 1260 numen
488 1191 600 1279 finxit,
623 1208 725 1288 atque
740 1219 836 1262 arcus
855 1195 930 1265 Dei.

113 1299 275 1392 Quisquis
294 1302 447 1396 secundis
467 1303 567 1372 rebus
589 1303 735 1373 exsultat
755 1305 873 1389 nimis,

112 1405 269 1501 Fluitque
290 1408 388 1498 luxu,
411 1438 544 1506 semper
558 1412 689 1482 insolita
711 1429 890 1508 appetens,

112 1522 211 1587 Hunc
230 1519 288 1588 illa
308 1547 437 1616 maguae
457 1523 530 1591 dira
549 1524 692 1593 fortunae
710 1550 822 1593 comes

113 1631 209 1698 Subit
231 1629 335 1699 libido
351 1659 359 1700 z
375 1659 441 1701 non
462 1633 596 1729 placent
610 1649 712 1703 suetae
732 1634 847 1728 dapes,

112 1743 186 1811 Non
207 1757 294 1810 tecta
315 1745 387 1811 sani
404 1746 525 1831 moris,
543 1761 602 1813 aut
620 1743 694 1813 vilis
714 1746 819 1814 cibus.

114 1853 182 1919 Cur
198 1853 233 1918 in
250 1869 388 1945 penates
402 1855 512 1922 rarius
527 1870 644 1924 tenues
658 1855 749 1924 subit

112 1964 193 2028 Haec
212 1960 370 2032 delicatas
390 1963 517 2059 eligens
536 1965 637 2060 pestis
653 1965 795 2033 domos?

113 2074 183 2140 Cur
203 2089 319 2142 sancta
339 2076 449 2166 parvis
469 2075 647 2144 habitatin
665 2077 760 2144 tectis
775 2079 909 2159 Venus,

111 2181 330 2277 Mediumque
349 2210 446 2253 sanos
463 2185 582 2281 vulgus
599 2186 737 2255 allectus
758 2201 864 2271 tenet,

110 2295 153 2360 Et
172 2317 207 2360 se
229 2310 386 2362 coercent
408 2295 562 2364 modica?
579 2311 697 2365 contra
718 2296 855 2378 divites,

11 2491 14 2498 ,
106 2454 170 2507 197.
189 2437 299 2491 Tituium
319 2443 422 2492 numinis
434 2442 505 2508 salsi·
526 2440 579 2493 No·
624 2442 771 2493 Percaelnm
786 2441 837 2494 nol.
855 2459 905 2510 per
921 2439 995 2494 sedes
1014 2439 1134 2494 deorum.

60 2534 122 2567 meu
137 2515 195 2580 dei,
214 2518 288 2587 quod
304 2519 390 2572 furori
405 2521 516 2574 scelesto
532 2522 580 2576 tri·
667 2522 869 2581 aoo.Proterva‚
879 2522 960 2591 junge
969 2538 1031 2572 cum
1040 2522 1138 2582 iciant

61 2595 124 2660 bui,
136 2615 190 2648 non
202 2597 253 2650 nisi
265 2598 365 2669 inique,
375 2613 469 2669 potest.
477 2601 579 2672 Phocy·
624 2613 721 2666 tenera,
741 2620 802 2654 cum
819 2619 905 2651 mauu„
1115 2649 1117 2652 .

62 2673 129 2728 lides
141 2689 301 2743 auctorest,
314 2679 443 2749 poematis
457 2679 578 2733 admoui·
665 2700 726 2734 201.
741 2682 771 2732 In
781 2678 894 2750 Superis,
909 2679 979 2731 inter
992 2678 1115 2748 Superos.

64 2755 123 2807 torii
133 2797 140 2816 ,
152 2775 190 2809 vs.
204 2775 259 2827 177
270 2757 375 2827 τθύγὰρ
385 2760 502 2830 {pogesii
514 2763 578 2825 ἐστι,
666 2780 726 2812 aon,
742 2761 815 2812 Vana
836 2763 891 2811 uta.
906 2756 1045 2810 Mendaria
1060 2758 1135 2821 haec,

65 2837 141 2895 πάθος
156 2831 182 2886 d’
194 2825 296 2892 altitu
314 2839 442 2890 ἁπάντων.
454 2839 576 2909 Euripid.
622 2859 681 2911 quae
695 2853 722 2892 tu
737 2839 861 2892 celebras.
870 2837 1095 2902 —Adscivitsibi‚
1106 2837 1135 2890 in

63 2915 195 2985 Antigona
204 2953 215 2980 ‚A
224 2917 280 2967 VII
293 2937 300 2966 z
313 2920 346 2970 Τὸ
362 2919 491 2986 μαίνεσθαι
502 2912 528 2970 ‹l'
539 2920 577 2989 ἄρ’
621 2932 779 2988 praetextum
798 2931 824 2970 et
846 2915 1025 2969 defensionem
1041 2918 1135 2987 culpae.
1195 2966 1204 2981 ,

63 2989 90 3048 ἦν
102 2995 161 3064 ἔρως
172 2997 277 3065 βροτοῖς.
289 2995 370 3061 Quod
381 2998 426 3050 hic
437 2997 470 3049 de
479 2999 577 3050 Amore
664 3019 727 3068 ²⁰7·
739 2999 833 3049 Libido.
843 2996 924 3062 Quasi
931 2995 1046 3061 diceret,
1055 2997 1135 3049 series

66 3073 175 3137 Seneca,
190 3075 229 3127 ait
241 3076 258 3126 J
261 3075 380 3128 uvenalis
392 3076 426 3129 de
442 3067 578 3142 Fortuna,
621 3078 797 3148 cupiditatum
810 3076 1022 3147 depravatarum,

66 3152 116 3205 Sat.
127 3154 170 3217 X,
184 3154 252 3218 365,
263 3173 303 3226 sq.
320 3182 330 3203 ι
342 3169 435 3213 noste,
450 3158 505 3208 Nos
514 3157 578 3210 faci·
665 3160 727 3211 208.
744 3159 818 3208 Tacta
830 3158 884 3207 sani
896 3159 976 3206 moris.
995 3153 1089 3218 AEdes,
1105 3166 1135 3206 nt

66 3249 136 3296 mus,
152 3233 289 3299 Fortuna,
301 3233 393 3298 deam,
407 3248 456 3289 etc.
471 3262 482 3283 ι
623 3235 806 3306 debetcnpere
812 3235 973 3307 quicumque
980 3253 1072 3286 sanum
1083 3252 1136 3285 mo-

106 3305 280 3381 198.Scilicet.
286 3315 393 3367 Dictum
400 3334 448 3386 per
456 3316 579 3381 ironiam,
623 3335 678 3368 rem
686 3354 698 3380 ,Ἴ
708 3316 864 3386 sapientiam
876 3313 1003 3382 sequitur.
1010 3343 1050 3354 -
1060 3313 1134 3376 Vilis,

69 3401 92 3440 et
104 3393 260 3446 confutandi
280 3395 364 3464 gratia
375 3417 388 3458 ;‚
403 3407 430 3447 et
450 3415 502 3448 vox
516 3395 578 3462 illa,
623 3395 767 3448 mediocris
780 3391 997 3466 pretii-Cibus,
1007 3391 1135 3446 Conferre

69 3470 109 3522 teli
129 3489 222 3536 sensu,
244 3474 372 3526 solemnis
386 3474 457 3545 apud
475 3487 577 3546 poetas.
622 3476 702 3527 libeat
716 3473 749 3527 ad
761 3471 946 3526 Animadvers.

69 3548 137 3620 Virg.
146 3557 206 3605 AEn.
216 3555 268 3617 IV,
280 3553 352 3623 379:
367 3579 378 3600 ι
389 3554 494 3607 Scilicet
503 3555 525 3606 is
535 3574 579 3607 su·
664 3574 727 3607 nro.
741 3555 804 3604 Hoec
816 3555 906 3622 pestis,
924 3551 980 3603 scil.
997 3550 1080 3603 libido.
1095 3581 1135 3595 -ι

70 3630 134 3696 peris
143 3631 220 3684 labor
231 3646 283 3696 est,
295 3651 325 3685 ea
334 3653 397 3687 cura
406 3635 511 3704 quietos
520 3634 578 3685 Sol·
623 3635 764 3695 Delicatus,
779 3633 869 3702 plenas
883 3630 995 3683 deliciis.

70 3706 152 3763 licitat.
168 3738 178 3758 ι
195 3745 235 3755 -
258 3713 367 3782 Vagam.
387 3714 495 3766 Dicitur
516 3732 578 3766 cum
666 3716 730 3767 ²13.
744 3713 775 3765 Se
791 3709 1134 3780 coercent‚cupiditntibus,

73 3803 236 3861 contemptu,
250 3804 278 3844 et
296 3792 370 3862 quasi
388 3792 460 3863 quod
472 3806 579 3863 respuat
623 3794 719 3846 mentis
731 3794 843 3846 lasciviae
858 3790 970 3843 modum
982 3791 1136 3859 imponunt.

74 3864 177 3936 dignitas
187 3873 334 3942 cujuslibet
347 3871 399 3923 dei.
618 3861 664 3912 ⁸-
675 3873 790 3937 Modica,
806 3871 967 3936 mediocria3
978 3869 1072 3931 ethic,
1085 3886 1138 3919 me-

111 3965 172 4018 199.
184 3953 210 4003 E
211 3955 303 4022 tycina.
317 3952 422 4015 Venus;
434 3953 467 4003 ab
477 3952 580 4021 Eryce,
626 3951 677 4004 diae
688 3953 765 4005 sortia
778 3953 909 4004 homines.
922 3982 961 3992 --
971 3949 1063 4001 Contra
1079 3949 1137 3999 divi·

10 4074 12 4099 Ι
77 4021 160 4081 Siciliae
180 4043 284 4096 monte,
310 4031 357 4084 ubi
379 4032 525 4084 colebatur.
541 4064 579 4073 -
627 4044 667 4085 tes.
682 4033 810 4102 Praepone
823 4029 992 4084 subauditum
1004 4048 1055 4079 cnr.

10 4196 18 4443 ι
978 4120 991 4162 ³

14 4476 25 4778 l

927 4144 929 4148 ’
954 4151 972 4192 2
