2632 4814
329 307 677 422 rrrromrus.
702 352 816 422 scr.
842 354 869 422 1.
1093 355 1136 429 15
1204 338 1212 349 '

112 477 178 544 Ant
195 474 273 570 quis
292 474 412 568 juvare
429 474 587 544 Daedalus
605 474 758 544 flammas
778 474 927 570 queat?-

109 588 205 675 Non,
228 585 256 654 si
274 584 333 654 ille
356 600 479 655 remeet
497 599 568 654 arte
585 573 765 679 Mopsopia
781 601 923 680 potens,

108 697 177 784 Qui
195 710 310 765 nostra
325 721 412 765 caeca
429 710 580 765 monstra
595 693 761 764 conclusit
780 695 897 783 domo,

107 807 287 875 Promittat
307 805 409 875 ullam
428 806 560 875 casibus
578 806 702 875 nostris
722 830 832 901 opem.

104 917 253 1012 Stirpem
274 941 394 1012 perosa
414 915 502 988 Solis
518 915 623 985 invisi
643 919 781 1004 Venus,

105 1031 169 1096 Per
192 1052 254 1097 nos
275 1042 409 1096 catenas
428 1025 576 1096 vindicat
599 1026 722 1105 Martis
742 1027 812 1111 sui,
895 1034 898 1039 ’

104 1140 268 1231 Suasque.
288 1137 424 1206 Probris
439 1162 541 1206 omne
559 1136 746 1205 Phoebeum
765 1161 873 1242 genus

105 1250 237 1315 Onerat
254 1246 406 1315 nefandis
427 1245 547 1315 :nulla
571 1247 699 1316 Minois
717 1246 779 1315 levi

105 1355 277 1447 Defuncto
293 1381 407 1425 amore
422 1371 490 1440 est;
504 1356 661 1451 jungitur
678 1381 811 1452 semper
828 1356 933 1426 nefas.

105 1489 215 1536 nura.
238 1466 365 1536 Thesea
386 1467 525 1560 conjux,
542 1466 632 1536 clara
649 1467 828 1562 progenies
846 1467 956 1554 Jovis,

104 1573 262 1647 Nefanda
279 1592 371 1648 casto
391 1591 526 1672 pectore
545 1568 688 1646 exturbd
707 1577 820 1646 ocius:
1100 1599 1138 1638 1³0

105 1686 293 1782 Exstingue
307 1687 476 1774 flammam
496 1711 580 1755 neve
599 1702 631 1756 te
650 1686 730 1755 dirae
749 1687 817 1781 spei

104 1794 220 1865 Praebe
237 1795 486 1892 obsequentem.
510 1795 673 1890 Quisquis
691 1796 726 1863 in
746 1796 858 1892 primo
876 1796 1007 1868 obstitit

105 1903 307 2000 Pepulitque
324 1930 495 1989 amorem,
518 1920 611 1975 tutus
633 1930 672 1974 ac
689 1906 796 1974 victor
812 1905 885 1975 fuit.

102 2088 164 2125 tao.
176 2071 362 2142 Dedolusjur.
370 2073 466 2142 flamm.
477 2069 575 2149 Daeda·
619 2090 680 2124 cum
695 2071 782 2124 Marte
803 2069 901 2125 detexit
918 2072 964 2126 sot
984 2073 1135 2147 detulitque

10 2190 12 2211 2
62 2149 113 2215 lm,
127 2149 281 2223 ingeniosus
294 2150 405 2224 artifex,
418 2170 469 2221 per
482 2151 576 2222 exqui-
619 2150 810 2204 aqulcanum
819 2191 826 2215 ,
835 2153 881 2223 qui
892 2153 975 2222 ipsos,
988 2155 1081 2208 ferreis
1091 2175 1135 2210 re·

65 2230 123 2285 titas
133 2244 160 2284 et
169 2232 213 2285 rix
224 2229 380 2285 indicandas
388 2232 451 2283 artis
462 2249 515 2283 suta
527 2230 575 2284 de·
619 2231 707 2284 ticuliu
716 2230 843 2294 irretitos,
855 2230 906 2284 diis
914 2231 1077 2287 deridendos
1088 2255 1135 2290 ex·

63 2309 147 2376 licias,
159 2292 241 2365 stulti
253 2311 323 2364 tauri
334 2311 439 2382 cdpiam
454 2311 516 2363 fecit
528 2311 576 2365 Pa·
618 2310 717 2363 hibuit.
736 2310 857 2363 Faustae.
867 2346 906 2359 -
916 2313 1003 2375 Inviti,
1017 2332 1032 2367 a
1046 2333 1073 2366 se
1087 2314 1135 2369 de-

63 2384 173 2460 siphate,
189 2409 249 2456 quse
264 2409 293 2443 se
303 2390 390 2460 lignea
400 2409 478 2442 vacca
490 2390 575 2443 incltt·
619 2389 716 2445 testati.

64 2467 147 2524 debat.
170 2469 242 2534 Quis
263 2469 298 2522 sit
316 2481 408 2522 taurus
430 2469 491 2535 ille,
513 2469 575 2540 quis
662 2469 824 2522 125.Martis
832 2468 985 2524 soi.Vivide
996 2485 1021 2524 et
1035 2485 1135 2528 amato·

65 2548 199 2614 bodalus,
213 2568 294 2602 nemo
308 2550 405 2620 estqui
418 2549 533 2620 ignoret.
617 2549 657 2602 rie
666 2546 786 2614 dictum,
799 2553 845 2603 sui.

103 2647 168 2685 tat.
176 2630 249 2691 Nori,
263 2631 345 2701 junge
356 2632 571 2698 compromittat,
661 2633 725 2682 126.
733 2627 850 2701 Sumque.
863 2628 1000 2684 Pathetice
1011 2632 1132 2700 rejicitur

67 2723 99 2759 ts.
116 2708 180 2762 123.
193 2741 234 2767 -r-
248 2711 359 2772 Renoeet,
373 2709 407 2762 ab
422 2708 522 2762 inferis.
533 2738 574 2751 --
618 2727 669 2761 vox
683 2707 773 2760 illaad
789 2728 892 2762 versum
907 2722 1069 2780 sequentem.
1162 2743 1169 2755 ·

66 2788 122 2854 tlte,
132 2787 266 2842 Daedalus.
276 2789 368 2841 -Itta
382 2800 433 2840 arte
448 2788 575 2858 Mopsopia
662 2804 725 2858 127.
733 2788 811 2840 Natta
821 2789 919 2840 Minois.
931 2790 955 2842 N
957 2790 1010 2842 ulla
1019 2790 1073 2843 lilia
1080 2791 1132 2844 Mi·

65 2879 153 2934 prtem,
166 2887 236 2939 pro,
253 2868 299 2921 ille
316 2867 474 2939 Mopsopios
487 2863 575 2929 (sai-
616 2868 685 2922 nois.
695 2899 734 2910 —
742 2869 800 2920 Lm
812 2869 925 2937 defuncta
936 2883 1068 2922 «moreest.
1080 2873 1131 2925 dr·

67 2963 122 3013 cus3
142 2961 173 3001 ut
195 2949 338 3019 Mopsopia
361 2967 412 3018 pro
435 2948 538 3013 Attica,
558 2968 575 3002 a
617 2947 651 3000 sit
668 2966 758 3001 amore
772 2949 903 3018 simplici,
920 2966 1013 3002 amore
1029 2952 1076 3021 qui
1094 2971 1133 3005 es·

69 3027 148 3095 prisco
157 3045 222 3099 rege
231 3023 392 3099 Mopsopol,
405 3040 461 3080 arte
471 3040 574 3097 potens,
617 3038 657 3080 set
668 3045 762 3098 expers
776 3027 894 3098 graviori
908 3027 1022 3102 quadam
1039 3049 1132 3085 conse·

27 3156 30 3161 .
68 3104 194 3183 heipse
207 3105 332 3161 Daedalus
342 3106 523 3161 Atheniensis.
617 3108 734 3177 quentia.

105 3205 167 3243 122·
180 3187 275 3241 Nostra
293 3199 407 3240 monstra.
422 3187 575 3243 Monstrum
661 3190 725 3240 128.
737 3187 856 3256 Iungitur
866 3207 959 3256 semper
968 3189 1046 3254 mesas.
1067 3190 1130 3244 Scil.

69 3277 150 3319 natum
166 3285 183 3319 e
203 3277 295 3325 nostra
314 3267 430 3325 familia,
448 3285 463 3321 e
484 3280 574 3321 nostra
617 3266 765 3329 nefarium,
796 3280 973 3320 monstrosum
1002 3266 1132 3338 quiddam

71 3357 156 3398 matre.
167 3378 206 3391 --
220 3345 294 3401 caca
313 3346 397 3411 domo,
409 3345 573 3418 labyrintho.
616 3344 772 3398 adherescit
781 3364 887 3418 semper
898 3346 983 3400 amori
994 3365 1074 3417 quem
1087 3366 1134 3401 ex⁴

107 3424 169 3483 113.
192 3425 343 3490 Promittas,
365 3424 466 3481 nedum
489 3427 574 3498 possit
617 3425 748 3496 perimor.

72 3500 225 3559 4311111-
240 3503 345 3561 Casibus
364 3510 467 3570 nostru,
487 3507 574 3560 emori
662 3522 726 3571 1²9·
739 3502 831 3568 Clara,
842 3502 898 3557 fllia
908 3504 1018 3570 Minois,
1029 3506 1077 3577 qui
1086 3507 1133 3563 Jo-

73 3597 131 3637 mto.
617 3602 650 3636 ve
661 3596 741 3636 satus.
792 3601 793 3605 ¹

108 3669 166 3727 1²4·
179 3663 301 3734 Stirpem,
314 3677 365 3718 etc.
381 3689 392 3712 ι
403 3667 496 3718 Venus
509 3662 574 3716 odio
661 3663 724 3717 130.
735 3662 865 3727 Nefanda,
874 3680 952 3734 supp.
964 3666 1130 3732 consilia,vel

10 3740 11 3746 ’
75 3741 214 3798 ettindicta
224 3757 342 3798 nostram
355 3744 525 3816 prosequitur
536 3745 575 3796 ia·
618 3744 671 3796 tale
682 3739 821 3813 quiddam.

10 3799 12 3826 Ι
77 3817 193 3876 uliam.»
209 3824 339 3895 Pasiphae
354 3824 425 3877 enim
437 3825 492 3877 lilia
505 3823 576 3877 Solis
662 3822 727 3875 131.
742 3823 854 3876 Obstitit.
866 3822 996 3877 Absolute
1007 3823 1117 3879 dictum.

78 3911 156 3954 θῆῑοῑ
167 3903 268 3966 Cretae,
283 3916 344 3966 aut,
358 3916 389 3958 ut
403 3904 447 3957 alii
460 3904 574 3968 volunt,
663 3900 729 3955 133.
744 3902 818 3967 Fuit,
837 3920 901 3973 pro,
921 3915 975 3969 est,
997 3925 1046 3956 esse
1062 3906 1132 3958 solet.

80 3972 204 4038 Perseidos.
222 3983 257 4038 Et
274 3984 388 4037 Veneris
408 3980 572 4037 adulterium
623 3982 725 4052 Supra,
742 4001 780 4036 vs.
798 3986 849 4052 87,
866 3994 976 4046 terruere,·
992 3983 1041 4036 inf.
1056 3990 1131 4054 ²4⁹²
