2632 4814
150 399 197 471 36
439 403 480 469 n.
508 400 688 470 lunai·
714 399 933 470 saraca
968 352 989 503 J

196 520 323 592 Hastile
345 521 452 590 vibret
474 521 590 591 dextra
606 522 835 592 Thessalicum
851 544 980 589 manus.

195 630 285 702 Talis
304 633 411 700 severi
429 646 536 700 mater
552 632 728 728 Hippolyti
742 631 814 701 fuit.

195 741 336 833 Qualis,
354 741 478 811 relictis
494 741 609 836 frigidi
625 744 723 837 ponti
740 741 868 836 plagis,

194 852 273 946 Egit
289 866 455 936 catervas,
474 840 624 920 btticum
641 851 779 946 pulsans
799 848 925 935 solum,

193 961 361 1044 Tanaitis,
381 976 440 1028 aut
458 962 606 1047 Maeotis,
627 976 660 1030 et
680 961 770 1029 nodo
791 983 903 1028 comas

196 1071 315 1166 Coegit
333 1071 528 1165 emisitque,
546 1069 662 1141 lunata
681 1071 767 1140 latus

195 1185 349 1251 Protecta
370 1179 478 1276 pelta,
496 1180 571 1250 talis
597 1183 632 1250 in
651 1181 751 1252 silvas
771 1181 870 1250 serar.

195 1298 300 1363 nura.
322 1294 455 1384 Sepone
471 1306 608 1386 questus
627 1320 635 1362 z
656 1319 726 1361 non
744 1285 832 1360 levat
852 1290 991 1358 miseros
1012 1288 1119 1357 dolor.

77 1462 83 1473 .
195 1405 336 1497 Agreste
355 1400 450 1495 placa
470 1402 609 1496 virginis
628 1427 752 1471 numen
770 1404 873 1492 Deae„
1138 1461 1139 1464 ,
1183 1423 1220 1468 aas

195 1513 325 1606 Regina
347 1533 542 1597 nemorum,
560 1510 631 1580 sola
651 1536 724 1604 quaa
743 1525 875 1580 montes
891 1509 993 1594 colis,

115 1666 122 1687 .
194 1627 238 1692 Et
256 1645 324 1690 una
341 1620 421 1689 solis
439 1623 612 1690 montibus
628 1620 747 1691 coleris
765 1625 855 1708 Dea,

194 1734 361 1802 Converte
377 1730 487 1799 tristes
506 1733 658 1800 ominum
681 1733 716 1799 in
735 1730 853 1800 melius
871 1731 988 1798 minas.

189 1881 659 1953 397.Hast.sarissam,venabulum.
705 1887 795 1956 quod,
810 1903 894 1956 quum
919 1883 994 1936 Luna
1019 1881 1218 1954 Endymione-m

190 1962 254 2031 398.
269 1963 352 2015 Mater
371 1962 509 2035 Hippolyti.
526 1965 660 2036 Antiope,
705 1966 807 2028 amarit,
814 1983 869 2017 non
877 1963 911 2017 sit
918 1963 1219 2027 verisimileeam‚femi-

148 2056 179 2096 ut
192 2043 253 2105 alii,
268 2042 430 2113 Hippolyte,
443 2043 612 2096 Amazonum
623 2063 662 2097 re·
704 2044 748 2098 nis
760 2043 857 2098 eodem
872 2041 956 2096 modo
968 2042 1150 2096 laborantibus
1165 2063 1219 2097 non

116 2182 120 2189 ⁴
148 2123 226 2194 gina,
241 2123 394 2192 Bosporum
417 2123 569 2176 Thracium
598 2124 660 2195 gelu
706 2123 1026 2194 opitulaturam2aliam,
1048 2123 1110 2193 quia
1135 2124 1232 2175 amori'

119 2235 122 2241 ,
149 2203 323 2256 constrictum
332 2201 450 2272 trajecit,
462 2204 599 2274 copiisque
609 2204 662 2255 suis
707 2201 854 2258 exercendo
865 2221 921 2254 nox
937 2202 1015 2272 longe
1026 2220 1106 2270 quam
1117 2201 1175 2255 dies
1186 2203 1219 2254 sit

149 2281 280 2335 Graeciam
297 2299 431 2351 aggressa,
453 2281 483 2333 in
503 2283 590 2336 Attica
606 2296 663 2336 tan-
706 2282 942 2344 accommodatior,
951 2282 1163 2350 noctiqueLuna
1174 2299 1219 2333 seu

136 2360 211 2414 'dem
223 2359 327 2413 devieta
342 2361 538 2426 estaTheseo‚
556 2362 598 2414 cui
614 2382 662 2414 nu·
707 2363 792 2415 Diana
807 2362 904 2433 praesit.
919 2360 1003 2413 Multa
1017 2361 1097 2412 etiam
1118 2361 1220 2424 AEliua,

150 2452 196 2511 pta
209 2439 385 2512 Hippolytum
402 2441 515 2510 peperit.
527 2442 614 2494 Fann-
707 2444 754 2496 lib.
772 2445 807 2507 V,
822 2448 879 2512 c'ap.
896 2445 923 2494 6.
936 2472 976 2482 -
993 2440 1108 2508 Agreste.
1123 2442 1220 2493 Nonne

192 2523 260 2588 399.
273 2519 376 2588 Qualis,
385 2519 508 2573 ete.Vid.
519 2520 662 2574 Animadr.
707 2522 786 2575 nimis
795 2541 809 2575 e
818 2522 965 2590 longinquo
980 2519 1048 2589 petit
1061 2520 1218 2583 Farnabins,

192 2607 253 2664 400.
265 2599 396 2662 Caterras,
405 2602 488 2671 junge
498 2619 559 2653 cum
571 2603 663 2653 Tanai·
708 2602 858 2673 suspicatus
872 2612 966 2669 agreste
979 2598 1033 2651 dici
1043 2599 1077 2650 ab
1089 2599 1160 2669 Agre
1169 2638 1176 2664 ,
1185 2600 1221 2651 lo·

152 2684 195 2740 tia,
216 2679 333 2742 Maroae,-
349 2692 376 2731 et
391 2680 527 2750 intellige,
548 2694 663 2733 catervas
708 2701 741 2735 co
756 2694 828 2733 trans
838 2679 962 2743 Ilissum,
977 2679 1025 2730 obi
1035 2679 1128 2730 Diana
1142 2698 1221 2731 vena-

152 2760 336 2822 Amaaotmm,
353 2756 414 2828 qu'ae
430 2759 463 2812 ad
483 2761 594 2813 Tanaim
612 2759 663 2813 flu·
707 2762 780 2814 tricia
794 2759 884 2813 aedes?
899 2789 939 2799 -
955 2760 1023 2810 Ante
1036 2759 1108 2810 hunc
1122 2778 1161 2814 vs.
1173 2759 1220 2810 ali-

150 2839 224 2891 rium
240 2838 355 2909 Scythiae
366 2851 392 2890 et
401 2840 520 2892 Maeotim
532 2839 662 2911 paludem
675 2847 679 2864 '
707 2852 773 2912 quot
786 2837 848 2891 edd.
862 2849 1009 2908 reponunt:
1025 2838 1161 2907 «Regina,
1174 2857 1221 2890 εω-

152 2918 283 2971 accolunt.
298 2918 384 2971 Fruar.
706 2921 746 2973 ris
764 2919 855 2989 eequis
877 2929 932 2984 est,
955 2929 1005 2968 etc.
1024 2942 1035 2964 »
1068 2917 1114 2986 qui
1141 2937 1219 2970 suum

194 3003 255 3059 loa.
272 2997 372 3066 Coegit,
389 2997 417 3049 in
427 2996 533 3051 nodum
548 2999 662 3068 collegit.
707 2999 825 3052 obtinuit
835 2995 1116 3064 locumvs.359‚Vid.
1129 2997 1219 3050 Anim.

153 3110 186 3120 -
195 3077 299 3141 Emisit,
315 3095 328 3129 a
341 3090 416 3147 tergo
427 3076 664 3130 demisit—Latus
748 3083 810 3142 406.
821 3079 916 3146 Regina
929 3095 1061 3138 ramorum,
1081 3089 1132 3129 etc.
1147 3079 1219 3131 Vota

148 3168 267 3228 protecta.
279 3156 457 3209 Hellenismus
470 3157 664 3209 notior—La·
706 3159 764 3210 htec
778 3156 895 3226 concipit
907 3157 1014 3219 nutrix,
1034 3155 1152 3208 Phaedrae
1162 3149 1219 3209 ⁸no-

152 3247 213 3289 nata
223 3236 299 3307 pelta.
309 3235 390 3288 Scuto
402 3236 479 3289 brevi
492 3235 606 3289 mediam
621 3238 664 3289 lu·
707 3239 778 3290 mine
788 3255 859 3289 aram
869 3248 984 3304 tangens.
999 3235 1171 3288 Simillimum
1182 3237 1220 3288 lo-

151 3335 214 3370 nam
230 3316 455 3388 relerente.Virg.
471 3320 531 3368 AEn.
545 3318 571 3381 1,
588 3322 662 3385 490:
708 3336 769 3370 cum
784 3316 899 3387 Apuleii,
909 3315 975 3367 Met.
985 3317 1021 3379 V,
1032 3333 1059 3384 p.
1080 3315 1143 3379 105,
1157 3316 1220 3369 citat

153 3395 368 3448 «Amazonidum
381 3395 479 3449 lunatis
491 3395 593 3467 agmina
608 3397 663 3466 pel·
707 3395 810 3449 Baden.
818 3396 864 3448 ubi
873 3396 927 3447 Pan
937 3395 1058 3465 Psychen
1067 3395 1156 3449 verbis
1165 3414 1221 3448 mo·

152 3474 194 3528 tis.
206 3500 217 3522 ι
232 3475 318 3527 Fran.
707 3488 752 3528 net
762 3473 886 3529 eumdem
898 3475 1057 3528 habentibus
1063 3492 1219 3527 sensum.—

194 3553 259 3616 405.
283 3555 395 3624 Virginis
409 3555 469 3606 deoe.
489 3555 589 3608 Dianae.
603 3554 663 3608 Viri
706 3555 766 3609 Sola
782 3575 835 3628 qaae
851 3556 924 3618 eolis,
944 3574 992 3606 una
1014 3554 1108 3606 coleris.
1126 3554 1218 3624 Magni

152 3644 271 3686 amantea
285 3631 382 3696 solem,
397 3634 434 3687 ait
448 3635 571 3705 Delrius,
587 3634 663 3687 femi·
706 3635 835 3688 momenti
847 3647 886 3686 est
899 3635 1012 3686 Dianam
1028 3632 1073 3686 hic
1090 3633 1219 3706 appellari

152 3727 195 3763 na
209 3712 299 3764 lunam
312 3713 499 3781 precabantur.
511 3714 603 3766 Testes
615 3713 661 3768 Se·
704 3715 779 3767 solam
787 3733 926 3766 nemorum
933 3714 1060 3783 reginam.
1069 3711 1217 3766 Horat.Od.

152 3808 218 3844 neca
231 3790 258 3843 h.
270 3791 289 3843 1.
302 3789 444 3862 Euripides
454 3792 483 3844 in
496 3792 682 3864 Hippolyto,.
706 3796 763 3859 ΙΙΙ,
784 3813 888 3858 xx11,1
909 3811 915 3844 :
943 3793 1102 3846 «Montium
1132 3804 1219 3846 custos

118 3872 126 3894 l
153 3882 180 3921 et
186 3865 445 3935 Theocritus,Eldit.
454 3861 488 3936 β’,
501 3891 539 3926 va.
551 3890 593 3938 ra,
603 3892 660 3944 sqq.
704 3885 912 3943 nemorumque,
923 3873 1007 3942 virgo.
1022 3898 1034 3919 ι

152 3951 228 4021 eujus
238 3948 395 4004 scholiastes
402 3950 482 4022 hujus
491 3951 662 4006 eonsuetudi-
747 3960 810 4022 4⁰7·
826 3951 899 4004 Solia
909 3951 1043 4006 Desertis.

152 4029 195 4081 uis
212 4027 297 4083 varias
316 4028 432 4085 rationes
445 4028 535 4086 reddit
547 4053 553 4083 :
565 4051 660 4097 unam,
747 4035 812 4097 408.
828 4033 950 4085 Ominum.
962 4033 1027 4084 Haee
1037 4031 1110 4084 exitii
1119 4030 1217 4092 omina,
