2632 4814
186 365 255 465 ,n

506 367 546 432 L.
575 365 751 435 ANNAEI
777 367 986 438 SENECAE
1017 426 1028 449 ,

257 485 359 552 Orbis
375 485 501 580 jacebit
517 485 683 580 squallido
702 488 810 583 turpis
831 489 912 575 situ;

255 598 409 664 Vacuum
424 598 495 664 siue
511 596 586 666 ullis
604 597 763 666 classibus
782 598 883 667 stabit
900 624 1008 684 mare,

258 703 404 801 Alesque
425 705 503 774 caelo
525 706 649 793 deerit,
671 724 705 777 et
722 707 814 778 silvis
832 708 925 792 fera;

257 813 343 884 Solis
366 830 399 884 et
420 840 476 884 aer
499 818 634 910 pervius
657 820 765 886 ventis
780 819 853 886 erit.

170 975 172 981 -
256 928 367 1015 Quam
388 928 477 995 varia
497 926 554 996 leti
572 952 692 1023 genera
715 926 890 997 mortalem
912 927 1050 995 trahunt

257 1038 478 1130 Carpuntque
496 1037 644 1124 turbam3
664 1053 805 1133 pontus,
826 1052 860 1107 et
877 1035 1017 1122 ferrum,
1034 1051 1067 1104 et
1083 1033 1172 1104 doli!

257 1145 323 1215 Sed
342 1146 408 1215 fata
430 1148 545 1217 credas
564 1148 691 1232 deesse,
711 1151 759 1218 sie
776 1164 883 1218 atram
902 1149 1003 1242 Styga

256 1259 330 1325 lam
350 1258 494 1352 petimus
518 1258 617 1329 ultro.
632 1259 791 1332 Caelibem
813 1260 914 1327 vitam
932 1257 1053 1351 probet

257 1367 386 1436 Sterilis
400 1369 578 1463 juveutus;
596 1371 662 1440 hoc
683 1372 767 1458 erit,
787 1367 951 1463 quidquid
971 1357 1082 1454 vides,

257 1480 368 1547 Unius
386 1481 446 1547 aevi
465 1472 582 1566 turb'a,
603 1495 636 1549 et
656 1482 690 1549 in
709 1496 814 1550 semet
833 1493 918 1547 ruet.

255 1587 400 1657 Proinde
416 1588 490 1656 vitae
509 1614 645 1684 sequere
665 1607 818 1660 naturam
838 1590 955 1658 ducem
974 1615 981 1655 :

256 1699 385 1766 Urbem
405 1697 601 1792 frequenta,
617 1701 740 1769 civium
759 1714 864 1768 coetus
886 1696 968 1766 cole.

258 1832 352 1877 Hirr.
371 1810 447 1876 Non
468 1807 533 1877 alia
551 1810 655 1904 magis
678 1826 726 1879 est
748 1810 872 1896 libera,
893 1823 926 1878 et
943 1809 1025 1876 vitio
1043 1830 1193 1889 carens,

208 2012 359 2075 Plutarchi,
372 2013 400 2063 in
411 2013 458 2066 lib.
471 2016 627 2081 Amatoriis,
639 2017 682 2082 V;
692 2030 718 2070 et

167 2134 181 2159 ,
208 2091 309 2145 indicat
322 2092 399 2163 plura
413 2093 543 2146 Veterum
559 2097 628 2148 cirea
642 2093 716 2147 eum-

208 2171 271 2224 dem
290 2190 394 2224 sensum
415 2170 485 2224 diota
505 2174 640 2244 collegisse
659 2176 717 2228 Pri·

209 2270 307 2316 ereum,
320 2249 355 2303 'ad
370 2251 479 2321 Apuleii
492 2253 556 2305 Met.
568 2255 620 2318 XI,
635 2253 698 2323 239.

251 2337 316 2399 471.
332 2329 386 2383 Situ
394 2348 407 2393 ,’
415 2343 539 2395 veterno,
552 2346 669 2403 torpore.

250 2408 415 2480 472.Stabit,
425 2411 513 2476 Bone,
524 2411 553 2464 id
568 2426 624 2481 est,
638 2427 664 2466 et
678 2432 721 2468 va·

208 2509 289 2544 ouum
299 2489 365 2553 erit,
379 2502 405 2542 et
417 2491 570 2544 immotum.

250 2577 283 2639 47
290 2576 316 2638 4.
325 2568 389 2622 Solis
399 2575 477 2621 uentis
486 2610 493 2635 ,
503 2589 587 2642 quum
598 2591 634 2625 sc.
645 2573 720 2625 alites

210 2648 363 2703 defecerint.

252 2736 317 2817 477.
326 2728 378 2782 Sed
381 2730 440 2796 futu
453 2730 537 2781 credas
548 2730 635 2782 deesse.
647 2732 723 2783 Attu-

169 2841 174 2852 ι
209 2827 269 2859 men
278 2847 285 2872 ,
295 2827 379 2880 prope
388 2809 510 2861 crederes
518 2829 579 2874 nos,
589 2811 663 2880 quasi
672 2829 720 2880 per

207 2889 260 2944 fata
275 2908 328 2940 non
345 2908 527 2954 moreremur,
545 2890 615 2941 ultro
634 2908 719 2942 arces·

208 2985 264 3020 sere
274 2980 399 3020 mortem.
410 2999 449 3011 -
457 2967 512 3035 Sic,
521 2982 648 3022 connecte
658 2987 718 3021 cnm

208 3047 241 3099 iis
263 3048 310 3117 qui
328 3047 504 3119 praecedunt,
529 3061 555 3100 et
582 3048 717 3118 intellige,

177 3168 180 3175 .
211 3152 223 3174 ι
235 3125 372 3190 crederes,
386 3140 435 3180 etc.
447 3139 519 3180 tauta
538 3140 576 3182 est
587 3126 719 3180 dementia

209 3225 339 3282 quacum,
350 3218 398 3259 etc.
414 3233 425 3254 s

252 3288 317 3357 478.
333 3286 437 3351 Probet,
456 3286 570 3339 formula
586 3286 721 3357 hypothe-

209 3365 278 3431 tica3
289 3366 327 3419 nsi
336 3368 461 3437 juventus
470 3367 613 3437 probaret,
622 3366 720 3436 ample-

209 3459 333 3499 cteretur⁴
347 3471 358 3493 ι

253 3532 319 3595 479.
334 3525 419 3577 Hoc...
429 3524 548 3596 quidquid
556 3525 721 3578 vides.Totus

211 3603 265 3668 ille,
275 3623 354 3674 quem
362 3617 390 3656 tu
400 3604 487 3668 vides,
495 3597 723 3657 mundus-Erit

208 3685 279 3735 uoltu
291 3686 350 3745 aevt',
364 3701 412 3752 per
430 3684 511 3736 unius
524 3697 627 3740 tautum
642 3685 723 3737 aetatis

209 3763 332 3814 humanae
344 3761 511 3813 intervallum
527 3762 641 3818 durabit.

253 3842 317 3904 480.
330 3841 361 3893 Iu
375 3853 446 3891 semet
460 3854 521 3893 raet.
536 3841 599 3896 Scil.
613 3863 668 3895 non
681 3863 723 3895 re·

805 2019 840 2080 48
848 2035 871 2069 ι.
883 2014 958 2068 Ordo
969 2027 1022 2067 est:
1036 2011 1155 2067 Proinde
1165 2032 1222 2083 seq.
1233 2033 1282 2065 na·

763 2111 864 2161 turam,
875 2109 1002 2165 tanquam
1012 2091 1122 2158 ducem,
1129 2092 1199 2145 vitre.

806 2179 871 2240 482.
890 2177 948 2228 Non
966 2173 1033 2236 ulia,
1046 2185 1098 2225 etc.
1116 2173 1204 2224 Locus
1219 2172 1278 2234 ille,

764 2256 842 2307 nobis
854 2254 1004 2324 judicibus,
1017 2252 1086 2303 inter
1098 2252 1279 2319 luculentissi-

765 2354 823 2388 mos
850 2334 956 2387 Senecae
988 2328 1214 2384 adnumerandus.
1235 2332 1280 2384 Nil

765 2415 885 2478 mirum,
910 2411 983 2484 quod
1011 2409 1196 2482 Hippolytus,
1221 2411 1279 2463 solii

766 2494 866 2557 lraeres,
880 2493 995 2563 priscam
1013 2493 1144 2560 majorum
1169 2496 1279 2547 suorum

766 2573 963 2643 simplicitatem
995 2571 1073 2623 tantis
1102 2581 1280 2640 prosequatur

766 2653 937 2722 elogiis31tee
957 2648 1019 2701 inde
1034 2648 1153 2720 sequitur
1166 2649 1279 2702 caruisse

767 2751 827 2784 eum
845 2724 953 2784 do'tibus
971 2748 1029 2799 quae
1042 2728 1159 2799 gerendo
1176 2742 1279 2799 sceptro

766 2829 858 2882 parem
879 2821 1015 2881 praestent.
1034 2811 1075 2860 Eo
1092 2823 1179 2860 autem
1196 2809 1279 2860 utitur

764 2909 887 2945 sermone
907 2889 954 2961 qui
972 2886 1048 2940 deret
1064 2890 1191 2958 juvenem
1206 2889 1278 2959 inge·

763 2990 859 3036 nuum,
869 2981 946 3039 atque
959 2968 1092 3020 effrenatae
1103 2967 1225 3020 libidinis
1233 2986 1278 3019 au·

764 3048 841 3102 daria
864 3049 1006 3102 territum:
1031 3045 1191 3118 flagitiisque
1214 3066 1279 3118 quo·

764 3149 824 3182 rum
838 3140 973 3200 aspectum
987 3138 1104 3189 veretur,
1116 3128 1186 3179 bene
1196 3146 1279 3198 oppo-

763 3208 805 3260 nit
816 3207 913 3278 prioris
928 3206 975 3258 aevi
989 3207 1182 3259 innocentiam.
1198 3209 1279 3277 Agre-

764 3288 811 3340 stis
825 3299 952 3340 oaeterum
965 3298 991 3339 et
1003 3286 1107 3338 rustice
1117 3287 1178 3338 vito
1190 3285 1278 3338 laudes

764 3366 866 3419 affatim
879 3365 1003 3436 reperias,
1017 3378 1043 3418 et
1056 3364 1128 3435 apud
1141 3366 1279 3436 plurimos,

720 3465 727 3471 ·
765 3460 791 3499 et
807 3448 833 3498 in
849 3446 1021 3516 Xenophont.
1036 3443 1187 3497 OEconom.
1200 3445 1278 3497 Arist.

765 3526 844 3579 Polit.
854 3525 903 3577 lib.
914 3527 968 3588 vt;
980 3527 1096 3576 Varron.
1108 3523 1143 3576 de
1154 3526 1194 3576 Re
1205 3526 1278 3576 Rust.

765 3605 813 3657 lib.
832 3607 864 3671 1;
875 3604 1068 3667 Columellam,
1081 3603 1139 3655 init.
1154 3602 1279 3656 rusticani

767 3684 855 3755 operis
865 3707 872 3745 ς
885 3677 1046 3753 Virgilium,
1058 3683 1157 3753 Georg.
1168 3684 1211 3747 Il,
1222 3682 1277 3746 458

768 3784 808 3835 sq.
823 3777 851 3816 et
864 3763 955 3815 Horat.
967 3760 1055 3833 Epod.
1068 3764 1105 3815 II.

810 3843 875 3906 483.
885 3843 953 3894 Vitio
962 3861 1052 3912 carens.
1062 3841 1123 3893 Non
1135 3840 1278 3893 inserviens

208 3932 331 3972 nascetur
350 3937 399 3990 per
422 3921 516 3973 seriem
532 3935 675 3993 nepotum,
697 3935 724 3976 et
769 3922 991 3987 curis,avaritiae‚
1002 3921 1153 3977 ambitioni,
1164 3919 1277 3982 invidie,

209 4000 320 4055 omnino
337 3999 524 4068 exstinguetur.
543 4066 544 4070 Ἰ

769 4015 819 4055 ete.
832 4002 900 4054 utin
914 4001 1093 4071 sequentibus.
1105 4000 1191 4052 Fauu.
