2632 4814
116 310 122 322 ’
192 343 237 417 aa

480 349 989 435 nannnssnnnenw

237 469 424 566 Nullusque
440 472 481 542 de
500 487 532 539 te
551 471 691 567 gloriam
712 487 824 566 pastor
843 470 939 540 ferat.

236 581 326 652 Ades
348 583 511 652 invocata.
532 587 605 652 Jam
627 582 715 652 faves
738 580 840 667 votis,
857 583 941 651 Dea.

236 694 350 785 Ipsum
374 694 488 761 intuor
506 692 653 762 solemne
669 706 882 761 venerantem
899 715 1047 777 sacrum,

236 800 340 871 Nullo
362 800 447 870 latus
465 804 655 872 comitante.
680 803 773 893 Quid
792 800 947 871 dubitas?
966 800 1056 870 dedit

1223 827 1262 872 aas

234 916 381 1006 Tempus
395 909 573 1008 locumque
591 938 686 990 casus
695 940 709 982 1:
728 912 889 981 utendum
906 910 1044 980 artibus.
1078 960 1084 968 κ

233 1023 476 1116 Trepidamus?
492 1025 584 1094 haud
600 1040 650 1094 est
666 1023 764 1094 facile
782 1012 978 1093 mandatum
994 1021 1102 1094 scelus

236 1133 392 1203 Audere:
408 1160 528 1205 verum
543 1137 655 1230 justa,
673 1137 731 1230 qui
753 1160 849 1231 reges
865 1136 984 1218 timet,
1071 1133 1073 1140 ’

235 1244 412 1338 Deponat;
434 1271 534 1315 omne
548 1245 651 1341 pellat
667 1271 707 1315 ex
724 1247 837 1315 animo
855 1245 966 1314 decus.

238 1353 347 1423 Malus
367 1371 416 1424 est
435 1357 586 1425 minister
602 1358 685 1450 regii
707 1357 838 1452 imperii
861 1354 982 1450 pudor.

426 1520 783 1606 HIPPOLYTUS,
810 1519 1026 1588 NUTRIX.

238 1701 333 1748 nter.
345 1679 446 1769 Quid
466 1679 532 1746 hue
549 1678 668 1746 seniles
685 1678 767 1746 fessa
788 1677 917 1747 moliris
938 1678 1078 1771 gradus,

190 1842 295 1893 Lunam
319 1841 389 1893 enim
412 1839 580 1893 deficientem
601 1860 615 1892 e
637 1841 702 1894 caelo

191 1920 354 1973 carminibus
368 1918 492 1974 devocari
513 1922 593 1991 vulgo
614 1919 702 1973 credi-

154 2046 158 2053 .
192 2011 259 2054 tum.
274 2002 328 2070 Inl'.
343 2017 381 2052 vs.
395 2002 462 2070 788.
477 2001 565 2053 Faus.
576 2031 616 2042 -
630 2002 704 2052 Tdes·

191 2079 247 2130 sali.
266 2079 417 2144 Thessalia,
440 2080 643 2133 incantamentis
665 2080 704 2132 fa-

193 2177 274 2212 mosa.
285 2189 325 2198 -
336 2161 430 2213 Horat.
443 2161 493 2230 Ep.
510 2161 554 2223 11,
570 2179 611 2223 η,
629 2179 680 2228 209
695 2181 701 2210 :

197 2265 208 2286 ι
218 2237 341 2304 Somnia,
352 2251 467 2292 terrores
479 2240 609 2309 magicos,
623 2240 704 2292 mira·

183 2319 270 2382 cula,
290 2336 375 2389 sagas,
397 2320 549 2372 Nocturnas
574 2319 704 2385 lemures,

192 2408 369 2468 portentaque
381 2398 506 2451 Thessala
518 2397 623 2450 rideas.

235 2484 301 2540 dua.
314 2478 355 2528 De
368 2489 391 2528 te
408 2479 511 2547 gloriam
519 2479 597 2545 ferm.
618 2479 705 2530 Jactet

194 2569 219 2609 te
236 2555 319 2627 ipsius
330 2575 420 2610 amore
434 2557 592 2628 deperiisse,
612 2576 705 2628 quem·

192 2634 339 2688 admodum
353 2636 521 2709 Endymione
536 2636 637 2689 dicunt.

236 2717 301 2780 423.
315 2716 400 2779 Ades,
422 2718 547 2786 praesenti
562 2729 587 2768 et
604 2714 705 2769 indica-

192 2794 248 2848 tivo
259 2796 384 2865 positum.

234 2874 413 2937 aadSolemue
421 2895 526 2939 sacrum,
535 2895 614 2946 supp.
628 2888 702 2928 tuum.

195 2955 230 3006 H.
247 2973 271 3006 c.
290 2954 449 3007 sacrificinm
470 2957 509 3007 tui
527 2956 611 3026 gratia
629 2956 704 3008 insti-

190 3045 287 3087 tutum.

234 3113 300 3176 aas.
315 3113 384 3182 Quid
397 3113 502 3164 dubites.
517 3114 550 3165 Se
560 3113 643 3182 ipsam
656 3133 705 3166 nu·

191 3192 259 3256 trix,
273 3211 322 3244 nec
331 3194 386 3263 jam·
401 3192 518 3244 Hecaten
531 3192 685 3262 alloquitur.

232 3276 301 3336 aaa.
324 3273 419 3330 Castu,
443 3273 506 3324 fors.
520 3305 560 3314 -
584 3272 702 3324 Utendum

189 3353 290 3404 artibus.
309 3352 388 3404 Nunc
401 3349 497 3403 callide
509 3350 650 3403 tentandus
664 3365 702 3404 est

187 3433 292 3501 juvenis
304 3431 417 3484 animus.
427 3424 526 3484 Eadem
542 3429 615 3500 apud
626 3432 703 3483 Euri·

189 3509 246 3580 pid.
257 3510 339 3580 Hipp.
348 3530 385 3564 vs.
395 3513 460 3574 481,
472 3523 497 3563 et
507 3508 572 3562 ibid.
586 3530 624 3566 vs.
637 3513 701 3564 680.

232 3592 299 3651 άαὸ.
315 3590 388 3642 Iusta
399 3591 510 3660 deponat.
520 3591 646 3660 AEquitati
659 3610 702 3642 va·

187 3667 336 3721 ledicat.-
347 3671 398 3738 Qui
407 3689 474 3738 reges
483 3673 560 3733 timet,
570 3671 616 3739 qui
627 3671 701 3740 prin·

187 3747 291 3817 cipibus
306 3766 407 3800 morem
424 3766 516 3818 gerere
531 3749 605 3812 vult,
628 3763 653 3802 et
667 3751 700 3803 ti·

186 3839 241 3879 met
251 3845 339 3879 coram
353 3826 389 3878 eis
402 3845 463 3879 vera
477 3827 608 3898 profiteri.

230 3913 296 3974 4²9·
314 3906 403 3957 Decus.
427 3906 537 3958 Honesti
554 3921 580 3958 et
596 3907 699 3960 decoris

177 3986 316 4039 rationem
328 4004 359 4037 ex
371 3985 458 4038 animo
469 3986 581 4056 abjiciat.

787 1845 850 1906 430.
864 1842 947 1895 Malus
959 1855 995 1894 est
1007 1844 1096 1893 minist.
1117 1853 1166 1892 cte.
1184 1836 1263 1891 Ordo

746 1936 802 1976 est:
817 1950 828 1971 ι
838 1921 928 1975 Pudor
944 1935 982 1974 est
996 1921 1081 1972 malus
1095 1919 1196 1972 minist.
1206 1938 1261 1990 reg.

745 2003 811 2073 imp.
824 2028 835 2049 ι
852 2003 886 2054 Et
902 2021 953 2072 per
968 2001 1102 2072 pudorem,
1129 1998 1261 2069 intelligas

746 2082 791 2136 lsic
815 2082 857 2152 agi
879 2081 913 2134 de
936 2082 1004 2134 mala
1028 2077 1205 2142 verecundia,
1227 2077 1262 2130 dc.

747 2159 852 2233 pudore
869 2160 1023 2223 inhonesto,
1039 2159 1086 2230 qui
1104 2177 1159 2210 nou
1180 2156 1262 2210 audet

747 2243 787 2294 sui
812 2259 885 2311 reges
908 2239 991 2303 officii
1014 2238 1166 2291 admonere.
1193 2237 1261 2290 Sen-

748 2321 830 2374 tentia
857 2321 915 2390 pari
942 2318 1008 2372 dixit
1032 2319 1111 2370 Silius
1138 2317 1261 2382 Italicus,

748 2401 828 2465 XIV,
855 2399 912 2467 93,
950 2425 961 2446 ι
979 2399 1104 2451 vilissima
1127 2397 1184 2467 regi
1209 2398 1263 2449 Cu·

747 2498 776 2532 ra
790 2478 914 2551 pudor.»
943 2478 1040 2532 Seneca
1063 2476 1185 2548 deplorat
1208 2477 1262 2529 hoc

747 2560 807 2612 loco
818 2557 998 2612 conditionem
1011 2557 1059 2609 viri
1071 2557 1151 2628 probi
1160 2557 1187 2607 in
1200 2556 1261 2608 aula

747 2657 840 2709 regum
852 2638 996 2702 versantis;
1010 2639 1069 2708 qui,
1085 2637 1107 2689 si
1119 2636 1261 2706 purpurati

747 2718 834 2790 gregia
850 2735 939 2782 more,
955 2715 1110 2775 reformidat
1130 2715 1259 2768 invidiam

748 2798 897 2868 regnantis,
918 2815 1024 2849 omnem
1043 2795 1154 2866 justitiae
1173 2807 1199 2845 et
1214 2792 1262 2846 de-

747 2879 929 2930 corissensum
937 2894 1035 2928 exuere
1043 2873 1261 2944 cogitenlltrur-

748 2975 806 3021 sus,
820 2957 841 3008 si
849 2957 889 3008 vir
896 2955 966 3008 idem
977 2974 1065 3006 coram
1078 2955 1185 3024 regibus
1198 2971 1260 3005 vera

747 3036 877 3106 profiteri,
890 3036 949 3106 jura
965 3035 1128 3105 populorum
1143 3046 1169 3085 et
1181 3050 1260 3102 gene-

747 3116 784 3168 ris
796 3115 915 3178 humani,
926 3133 1062 3183 nunquam
1072 3109 1205 3175 violanda,
1214 3110 1260 3162 de-

747 3193 856 3247 fendere
885 3194 1059 3258 sustinuerit,
1092 3191 1258 3244 minitantem

748 3292 875 3345 spernere
885 3273 1031 3344 potentiam
1042 3312 1049 3336 ,
1061 3291 1140 3341 quam
1152 3269 1262 3323 laudan·

746 3351 797 3404 dus
809 3353 852 3406 hic
862 3364 887 3404 et
896 3350 1080 3407 admirandus!

787 3433 851 3496 431.
866 3434 923 3484 Act.
937 3432 979 3495 Π,
990 3451 1027 3484 sc.
1039 3449 1072 3482 11.
1085 3429 1184 3482 Nutrix
1195 3428 1260 3497 Hip-

745 3512 832 3583 polyti
852 3512 970 3562 animum
990 3510 1093 3562 mollire
1115 3506 1192 3561 etad
1213 3527 1260 3559 nn-

745 3593 813 3662 ptias
837 3601 863 3642 et
876 3589 995 3658 ,delicias
1020 3585 1134 3641 urbanas
1155 3588 1260 3640 flectere

745 3670 841 3723 callide
857 3681 948 3721 tentat.
965 3670 1014 3720 Ille
1031 3668 1093 3719 vitm
1115 3667 1214 3720 eaelibis
1234 3679 1260 3718 et

743 3748 1259 3819 rusticae,quamurbanaecollatamprae·

745 3830 812 3894 fert,
826 3829 975 3880 institutum
989 3828 1117 3879 immotus
1130 3839 1208 3878 tenet.
1220 3856 1258 3865 -

744 3909 848 3959 Moliris.
867 3908 985 3959 Verbum
1010 3920 1048 3959 est
1072 3924 1194 3975 personae
1216 3904 1259 3959 hie

743 3987 908 4057 aptissimum
922 4000 946 4038 et
959 3985 1129 4039 conveniens.
