2632 4814
193 406 256 452 vur
407 375 1046 466 EDITORISPRAEMONITIO.

240 503 318 591 Qua
332 501 366 568 in
382 523 419 568 re
432 496 624 593 peragenda
636 512 705 567 tam
719 521 828 566 acrem
845 496 984 567 adhibui
999 496 1121 564 mentis
1136 508 1170 565 et
1185 518 1266 565 ocu·

191 616 303 684 lorum
319 608 586 694 contentionem,
598 622 636 677 ut
649 609 720 702 ipse
734 633 796 702 pro
811 623 902 678 certo
917 608 1139 694 affirmarem,
1151 607 1187 674 in
1201 605 1266 675 hoc

191 725 309 809 etiarn,
329 721 416 790 sicut
434 720 470 787 in
489 718 602 812 priore
620 717 808 802 volumine,
825 719 952 811 pariter
970 733 1139 812 repertum
1154 717 1216 786 iri:

248 848 289 903 10
307 829 473 901 Collatam
490 852 619 897 summa
638 827 705 896 fide
723 830 947 897 recensionem
967 843 1079 898 textus
1097 852 1266 932 cum-mu-

74 1032 79 1041 ·
193 941 374 1036 nuscriptis
387 937 563 1017 ,codicibus
580 937 850 1032 editionibusquc
863 939 1000 1032 optimis
1021 937 1125 1033 (vide
1143 952 1226 1008 tom.
1249 939 1267 1006 Ι

195 1053 423 1149 praefationem
438 1062 472 1117 et
490 1062 560 1117 not.
576 1073 654 1142 pag.
670 1043 779 1144 158);

244 1164 284 1234 2⁰
314 1158 567 1234 Commentaria
586 1184 655 1228 non
677 1174 746 1228 tarn
771 1161 896 1228 circum
917 1158 1056 1254 syllabas
1075 1157 1270 1253 scrupulose

193 1271 408 1370 pensitandas
430 1284 609 1364 occupata,
629 1294 731 1363 quarn
751 1267 963 1338 enucleandae
989 1267 1188 1338 difficilioris
1210 1293 1270 1338 cu·

192 1386 314 1480 jusque
334 1382 399 1452 loci
416 1380 589 1449 sententiae
608 1381 752 1465 intenta3
769 1403 831 1447 nec
847 1377 1057 1473 philologieis
1073 1378 1197 1465 modo,
1212 1376 1271 1446 sed

196 1494 354 1565 literariis
378 1506 429 1577 et,
456 1490 515 1558 ubi
537 1513 590 1557 res
613 1487 778 1582 postulat,
797 1487 1039 1583 philosophicis
1064 1489 1270 1559 observatio·

194 1605 294 1676 nibus
313 1601 516 1692 diversisque
531 1597 773 1667 imitationibus
789 1599 968 1694 insignita3

247 1714 286 1786 3⁰
311 1712 492 1783 Variarum
518 1707 700 1777 lectionum
722 1708 859 1798 silvam,
887 1712 1086 1803 criticasque
1109 1709 1150 1778 de
1177 1724 1272 1780 textu

196 1820 430 1895 constituendo
447 1819 788 1890 Animadversionem
809 1834 887 1914 post
904 1821 1065 1915 cujusque
1086 1821 1273 1917 Tragoediae'

197 1936 299 2004 finem
318 1929 523 2000 amandatas.

247 2042 342 2134 Quid
365 2040 480 2135 plura,
504 2039 693 2110 doctissime
712 2039 840 2111 lector?
863 2041 1021 2113 effectum
1042 2057 1093 2111 est
1113 2068 1214 2129 sane,
1235 2057 1275 2112 ut

199 2153 284 2225 nihil
307 2151 532 2239 desiderares,
556 2151 647 2244 quod
674 2152 715 2219 ab
744 2153 817 2247 ipso
842 2154 964 2247 prioris
991 2154 1074 2223 tomi
1101 2152 1275 2223 conditore

200 2264 401 2390 promissum
424 2260 555 2345 fuisset3
578 2261 653 2330 dico
681 2264 798 2350 etiam,
820 2263 911 2357 quod
933 2278 971 2332 tu
995 2264 1195 2359 speravisses
1216 2290 1223 2332 :
1247 2264 1276 2333 is

202 2376 291 2445 enirn
312 2395 498 2467 paucorum
519 2370 695 2440 hominum
717 2389 784 2456 est,
809 2399 828 2441 a
853 2374 976 2467 quibus
995 2374 1122 2467 majora
1142 2397 1277 2467 semper

199 2483 373 2592 pollicitis
375 2496 644 2591 ettsspeetantur:
633 2496 680 2560 et
671 2485 913 2608 accipiuntur.

243 2574 393 2675 „labilis
387 2569 561 2661 aliunde
534 2563 681 2660 botid‘
664 2594 744 2679 erit,
758 2621 786 2663 sr
776 2595 899 2687 quod
914 2596 1146 2690 promisimus,
1167 2609 1278 2663 toturn

204 2717 405 2807 praestareq,
394 2702 421 2770 ti
436 2700 513 2784 lide}
516 2693 614 2813 quiid}
605 2704 813 2801 contingere
830 2703 962 2773 licuerit
977 2704 1100 2789 finem,
1117 2704 1159 2772 ad
1176 2728 1278 2798 quem

205 2789 406 2915 anhelarstds·
391 2789 543 2914 albgis
523 2796 652 2925 tlpslrp
673 2812 878 2906 impellimur
898 2813 1070 2883 voluntate
1076 2839 1203 2906 ,quam
1221 2828 1279 2882 tua

204 2896 375 3036 cupidine·
364 2900 575 3022 ttahrmor
566 2907 645 3022 :laqt
636 2923 863 3017 propinquat
881 2949 919 2992 ac
936 2950 1029 3018 paene
1043 2925 1131 2994 lucet
1144 2938 1280 3018 optatus

204 3036 293 3119 dies,
328 3057 432 3126 quum
462 2995 619 3100 hltiniuiri
643 3031 765 3102 laboris
793 3036 900 3103 nostri
929 3034 1076 3104 fructum
1106 3035 1168 3102 tibi
1194 3033 1279 3104 offe·

205 3160 331 3231 rentes,
345 3167 414 3211 non
421 3143 490 3235 jam
500 3167 632 3235 preceS,
642 3168 684 3210 ne
698 3142 963 3230 faveredesinas3
977 3145 1033 3214 sed
1046 3144 1138 3238 quod
1151 3143 1280 3212 tamdiu

208 3256 348 3341 faveris,
369 3253 491 3346 gratias
513 3251 682 3321 addemus.
710 3256 797 3322 Tum
815 3256 841 3322 si
860 3254 1001 3349 quidde
1021 3255 1166 3347 antiquis
1185 3254 1280 3323 Lati·

208 3391 331 3435 norum
345 3363 450 3432 literis
466 3362 550 3430 bene
568 3362 728 3431 meruisse
746 3388 808 3432 nos
824 3365 1016 3457 agnoveris,
1040 3363 1201 3458 suffragio
1223 3378 1281 3430 tuo

209 3477 275 3544 lacti
295 3475 447 3567 gratique
469 3471 732 3565 acquiescemus3
755 3499 815 3542 nec
830 3474 1022 3568 quindecim
1037 3488 1160 3541 nostrae
1176 3472 1282 3541 aetatis
1299 3479 1305 3488 ’

210 3609 332 3669 annos,
349 3597 399 3651 tot
420 3582 590 3652 laboribus
604 3608 643 3653 ac
656 3583 796 3677 engilin,
811 3599 862 3653 tot
882 3586 970 3654 curis
989 3610 1028 3654 ac
1044 3582 1205 3653 molestiis
1226 3584 1283 3650 im·

210 3717 347 3788 pensos,
372 3692 398 3759 si
421 3691 486 3760 hoc
507 3694 616 3787 pretio
641 3693 870 3762 conciliandus
896 3693 1008 3781 fuisti,
1028 3718 1132 3788 parvo
1157 3691 1284 3761 foenore

210 3801 389 3873 collocatos
412 3801 658 3872 arbitrabimur.
680 3802 763 3872 Vale
778 3794 879 3896 atque
899 3803 1019 3871 iterum
1042 3802 1125 3872 vale.
1227 3844 1234 3855 ·

259 3925 452 3996 Scribeham
476 3926 627 4014 Parisiis,
645 3925 744 4019 aprili
763 3951 876 3994 mense
898 3926 999 3996 1832.

1038 4074 1080 4143 N.
1094 4074 1131 4139 Ε.
1148 4075 1186 4141 L.
