<?xml version="1.0" encoding="UTF-8"?>
<!DOCTYPE html PUBLIC "-//W3C//DTD XHTML 1.0 Transitional//EN"
    "http://www.w3.org/TR/xhtml1/DTD/xhtml1-transitional.dtd">
<html xmlns="http://www.w3.org/1999/xhtml" xml:lang="en" lang="en">
 <head>
  <title>
</title>
<meta http-equiv="Content-Type" content="text/html;charset=utf-8" />
  <meta name='ocr-system' content='tesseract 3.04.00' />
  <meta name='ocr-capabilities' content='ocr_page ocr_carea ocr_par ocr_line ocrx_word'/>
</head>
<body>
  <div class='ocr_page' id='page_1' title='image "bibliothecaclas48lemagoog_0058.png"; bbox 0 0 2632 4814; ppageno 0'>
   <div class='ocr_carea' id='block_1_1' title="bbox 318 375 877 475">
    <p class='ocr_par' dir='ltr' id='par_1_1' title="bbox 318 375 877 475">
     <span class='ocr_line' id='line_1_1' title="bbox 318 375 877 475; baseline -0.004 -32"><span class='ocrx_word' id='word_1_1' title='bbox 318 375 665 445; x_wconf 89' lang='lat' dir='ltr'><strong>HIPPOLYTUS.</strong></span> <span class='ocrx_word' id='word_1_2' title='bbox 692 377 799 475; x_wconf 61' lang='lat' dir='ltr'>ACT.</span> <span class='ocrx_word' id='word_1_3' title='bbox 828 375 877 442; x_wconf 94' lang='lat'>11.</span> 
     </span>
    </p>
   </div>
   <div class='ocr_carea' id='block_1_2' title="bbox 96 495 976 2134">
    <p class='ocr_par' dir='ltr' id='par_1_2' title="bbox 96 495 976 1585">
     <span class='ocr_line' id='line_1_2' title="bbox 98 495 846 592; baseline -0.004 -25"><span class='ocrx_word' id='word_1_4' title='bbox 98 500 268 592; x_wconf 87' lang='lat' dir='ltr'>Ritusque</span> <span class='ocrx_word' id='word_1_5' title='bbox 284 496 404 566; x_wconf 90' lang='lat' dir='ltr'>melius</span> <span class='ocrx_word' id='word_1_6' title='bbox 420 495 488 563; x_wconf 85' lang='lat' dir='ltr'>vita</span> <span class='ocrx_word' id='word_1_7' title='bbox 504 520 577 588; x_wconf 87' lang='lat' dir='ltr'>quae</span> <span class='ocrx_word' id='word_1_8' title='bbox 596 496 723 590; x_wconf 89' lang='lat' dir='ltr'>priseos</span> <span class='ocrx_word' id='word_1_9' title='bbox 739 495 846 578; x_wconf 83' lang='lat' dir='ltr'>colat,</span> 
     </span>
     <span class='ocr_line' id='line_1_3' title="bbox 96 605 864 702; baseline -0.003 -26"><span class='ocrx_word' id='word_1_10' title='bbox 96 609 212 697; x_wconf 86' lang='lat' dir='ltr'>Quam</span> <span class='ocrx_word' id='word_1_11' title='bbox 232 632 307 702; x_wconf 85' lang='lat' dir='ltr'>quae</span> <span class='ocrx_word' id='word_1_12' title='bbox 325 606 448 676; x_wconf 86' lang='lat' dir='ltr'>relictis</span> <span class='ocrx_word' id='word_1_13' title='bbox 467 607 631 675; x_wconf 86' lang='lat' dir='ltr'>moenibus</span> <span class='ocrx_word' id='word_1_14' title='bbox 651 605 750 677; x_wconf 85' lang='lat' dir='ltr'>silvas</span> <span class='ocrx_word' id='word_1_15' title='bbox 765 622 864 675; x_wconf 84' lang='lat' dir='ltr'>amat.</span> 
     </span>
     <span class='ocr_line' id='line_1_4' title="bbox 98 716 976 816; baseline -0.007 -26"><span class='ocrx_word' id='word_1_16' title='bbox 98 722 179 790; x_wconf 90' lang='lat' dir='ltr'>Non</span> <span class='ocrx_word' id='word_1_17' title='bbox 202 716 298 787; x_wconf 91' lang='lat' dir='ltr'>illum</span> <span class='ocrx_word' id='word_1_18' title='bbox 315 742 421 786; x_wconf 73' lang='lat' dir='ltr'>avarae</span> <span class='ocrx_word' id='word_1_19' title='bbox 439 718 563 786; x_wconf 88' lang='lat' dir='ltr'>mentis</span> <span class='ocrx_word' id='word_1_20' title='bbox 581 717 768 786; x_wconf 84' lang='lat' dir='ltr'>inflammat</span> <span class='ocrx_word' id='word_1_21' title='bbox 784 716 891 802; x_wconf 83' lang='lat' dir='ltr'>furor,</span> <span class='ocrx_word' id='word_1_22' title='bbox 970 807 976 816; x_wconf 27' lang='grc' dir='ltr'>Ι</span> 
     </span>
     <span class='ocr_line' id='line_1_5' title="bbox 100 825 859 930; baseline 0 -33"><span class='ocrx_word' id='word_1_23' title='bbox 100 829 175 916; x_wconf 90' lang='lat' dir='ltr'>Qui</span> <span class='ocrx_word' id='word_1_24' title='bbox 191 853 226 896; x_wconf 90' lang='lat' dir='ltr'>se</span> <span class='ocrx_word' id='word_1_25' title='bbox 244 825 368 896; x_wconf 84' lang='lat' dir='ltr'>dicavit</span> <span class='ocrx_word' id='word_1_26' title='bbox 381 828 548 896; x_wconf 86' lang='lat' dir='ltr'>montium</span> <span class='ocrx_word' id='word_1_27' title='bbox 565 827 730 930; x_wconf 80' lang='lat' dir='ltr'>insontem</span> <span class='ocrx_word' id='word_1_28' title='bbox 747 828 859 923; x_wconf 82' lang='lat' dir='ltr'>jugis:</span> 
     </span>
     <span class='ocr_line' id='line_1_6' title="bbox 102 935 927 1033; baseline -0.002 -24"><span class='ocrx_word' id='word_1_29' title='bbox 102 940 184 1009; x_wconf 86' lang='lat' dir='ltr'>Non</span> <span class='ocrx_word' id='word_1_30' title='bbox 201 962 284 1006; x_wconf 87' lang='lat' dir='ltr'>aura</span> <span class='ocrx_word' id='word_1_31' title='bbox 302 935 437 1032; x_wconf 90' lang='lat' dir='ltr'>populi,</span> <span class='ocrx_word' id='word_1_32' title='bbox 457 952 491 1006; x_wconf 91' lang='lat' dir='ltr'>et</span> <span class='ocrx_word' id='word_1_33' title='bbox 509 935 628 1033; x_wconf 91' lang='lat' dir='ltr'>vulgus</span> <span class='ocrx_word' id='word_1_34' title='bbox 650 937 793 1008; x_wconf 87' lang='lat' dir='ltr'>infidum</span> <span class='ocrx_word' id='word_1_35' title='bbox 814 939 927 1025; x_wconf 88' lang='lat' dir='ltr'>bonis,</span> 
     </span>
     <span class='ocr_line' id='line_1_7' title="bbox 98 1047 874 1143; baseline -0.003 -24"><span class='ocrx_word' id='word_1_36' title='bbox 98 1051 180 1119; x_wconf 87' lang='lat' dir='ltr'>Non</span> <span class='ocrx_word' id='word_1_37' title='bbox 202 1047 360 1143; x_wconf 78' lang='lat' dir='ltr'>pestilens</span> <span class='ocrx_word' id='word_1_38' title='bbox 379 1048 525 1136; x_wconf 84' lang='lat' dir='ltr'>invidia,</span> <span class='ocrx_word' id='word_1_39' title='bbox 542 1074 609 1118; x_wconf 91' lang='lat' dir='ltr'>non</span> <span class='ocrx_word' id='word_1_40' title='bbox 625 1047 753 1143; x_wconf 80' lang='lat' dir='ltr'>fragilis</span> <span class='ocrx_word' id='word_1_41' title='bbox 771 1049 874 1118; x_wconf 83' lang='lat' dir='ltr'>favor.</span> 
     </span>
     <span class='ocr_line' id='line_1_8' title="bbox 98 1157 933 1254; baseline -0.002 -25"><span class='ocrx_word' id='word_1_42' title='bbox 98 1160 181 1229; x_wconf 86' lang='lat' dir='ltr'>Non</span> <span class='ocrx_word' id='word_1_43' title='bbox 200 1157 256 1228; x_wconf 94' lang='lat' dir='ltr'>ille</span> <span class='ocrx_word' id='word_1_44' title='bbox 275 1183 379 1254; x_wconf 89' lang='lat' dir='ltr'>regno</span> <span class='ocrx_word' id='word_1_45' title='bbox 397 1159 514 1244; x_wconf 84' lang='lat' dir='ltr'>servit3</span> <span class='ocrx_word' id='word_1_46' title='bbox 534 1174 592 1227; x_wconf 88' lang='lat' dir='ltr'>aut</span> <span class='ocrx_word' id='word_1_47' title='bbox 615 1183 719 1254; x_wconf 87' lang='lat' dir='ltr'>regno</span> <span class='ocrx_word' id='word_1_48' title='bbox 738 1160 933 1245; x_wconf 89' lang='lat' dir='ltr'>imminens,</span> 
     </span>
     <span class='ocr_line' id='line_1_9' title="bbox 100 1269 884 1362; baseline -0.004 -22"><span class='ocrx_word' id='word_1_49' title='bbox 100 1273 220 1340; x_wconf 86' lang='lat' dir='ltr'>Vanos</span> <span class='ocrx_word' id='word_1_50' title='bbox 238 1270 384 1338; x_wconf 82' lang='lat' dir='ltr'><strong>honores</strong></span> <span class='ocrx_word' id='word_1_51' title='bbox 402 1269 566 1362; x_wconf 90' lang='lat' dir='ltr'>sequitur,</span> <span class='ocrx_word' id='word_1_52' title='bbox 584 1284 643 1338; x_wconf 86' lang='lat' dir='ltr'>aut</span> <span class='ocrx_word' id='word_1_53' title='bbox 659 1270 765 1340; x_wconf 84' lang='lat' dir='ltr'>fluxas</span> <span class='ocrx_word' id='word_1_54' title='bbox 784 1294 884 1362; x_wconf 89' lang='lat' dir='ltr'>opes,</span> 
     </span>
     <span class='ocr_line' id='line_1_10' title="bbox 102 1377 832 1474; baseline 0.003 -29"><span class='ocrx_word' id='word_1_55' title='bbox 102 1379 181 1471; x_wconf 90' lang='lat' dir='ltr'>Spei</span> <span class='ocrx_word' id='word_1_56' title='bbox 199 1393 375 1473; x_wconf 87' lang='lat' dir='ltr'>metusque</span> <span class='ocrx_word' id='word_1_57' title='bbox 393 1377 497 1465; x_wconf 88' lang='lat' dir='ltr'>liber;</span> <span class='ocrx_word' id='word_1_58' title='bbox 515 1377 605 1447; x_wconf 85' lang='lat' dir='ltr'>haud</span> <span class='ocrx_word' id='word_1_59' title='bbox 621 1377 716 1448; x_wconf 90' lang='lat' dir='ltr'>illum</span> <span class='ocrx_word' id='word_1_60' title='bbox 734 1380 832 1474; x_wconf 85' lang='lat' dir='ltr'>niger</span> 
     </span>
     <span class='ocr_line' id='line_1_11' title="bbox 100 1487 775 1585; baseline 0 -27"><span class='ocrx_word' id='word_1_61' title='bbox 100 1487 264 1582; x_wconf 86' lang='lat' dir='ltr'>Edaxque</span> <span class='ocrx_word' id='word_1_62' title='bbox 285 1487 372 1557; x_wconf 90' lang='lat' dir='ltr'>livor</span> <span class='ocrx_word' id='word_1_63' title='bbox 389 1487 488 1558; x_wconf 89' lang='lat' dir='ltr'>dente</span> <span class='ocrx_word' id='word_1_64' title='bbox 506 1489 663 1583; x_wconf 82' lang='lat' dir='ltr'>degeneri</span> <span class='ocrx_word' id='word_1_65' title='bbox 680 1491 775 1585; x_wconf 87' lang='lat' dir='ltr'>petit.</span> 
     </span>
    </p>

    <p class='ocr_par' dir='ltr' id='par_1_3' title="bbox 97 1597 953 2134">
     <span class='ocr_line' id='line_1_12' title="bbox 100 1597 901 1695; baseline 0 -26"><span class='ocrx_word' id='word_1_66' title='bbox 100 1601 175 1669; x_wconf 87' lang='lat' dir='ltr'>Nec</span> <span class='ocrx_word' id='word_1_67' title='bbox 190 1597 314 1668; x_wconf 87' lang='lat' dir='ltr'>scelera</span> <span class='ocrx_word' id='word_1_68' title='bbox 331 1598 474 1694; x_wconf 91' lang='lat' dir='ltr'>populos</span> <span class='ocrx_word' id='word_1_69' title='bbox 493 1601 580 1668; x_wconf 86' lang='lat' dir='ltr'>inter</span> <span class='ocrx_word' id='word_1_70' title='bbox 600 1614 701 1695; x_wconf 84' lang='lat' dir='ltr'>atque</span> <span class='ocrx_word' id='word_1_71' title='bbox 718 1601 821 1669; x_wconf 88' lang='lat' dir='ltr'>urbes</span> <span class='ocrx_word' id='word_1_72' title='bbox 838 1600 901 1669; x_wconf 82' lang='lat' dir='ltr'>sita</span> 
     </span>
     <span class='ocr_line' id='line_1_13' title="bbox 100 1709 915 1804; baseline -0.001 -24"><span class='ocrx_word' id='word_1_73' title='bbox 100 1709 223 1794; x_wconf 88' lang='lat' dir='ltr'>Novit;</span> <span class='ocrx_word' id='word_1_74' title='bbox 241 1734 303 1778; x_wconf 85' lang='lat' dir='ltr'>nee</span> <span class='ocrx_word' id='word_1_75' title='bbox 321 1734 437 1777; x_wconf 88' lang='lat' dir='ltr'>omnes</span> <span class='ocrx_word' id='word_1_76' title='bbox 455 1710 608 1778; x_wconf 88' lang='lat' dir='ltr'>conscius</span> <span class='ocrx_word' id='word_1_77' title='bbox 626 1711 786 1804; x_wconf 88' lang='lat' dir='ltr'>strepitus</span> <span class='ocrx_word' id='word_1_78' title='bbox 808 1724 915 1804; x_wconf 81' lang='lat' dir='ltr'>pavet.</span> 
     </span>
     <span class='ocr_line' id='line_1_14' title="bbox 97 1818 953 1915; baseline 0.002 -28"><span class='ocrx_word' id='word_1_79' title='bbox 97 1818 195 1887; x_wconf 79' lang='lat' dir='ltr'>Haud</span> <span class='ocrx_word' id='word_1_80' title='bbox 216 1819 319 1888; x_wconf 84' lang='lat' dir='ltr'>verba</span> <span class='ocrx_word' id='word_1_81' title='bbox 338 1818 435 1913; x_wconf 89' lang='lat' dir='ltr'>fingit</span> <span class='ocrx_word' id='word_1_82' title='bbox 454 1818 569 1888; x_wconf 91' lang='lat' dir='ltr'>:mille</span> <span class='ocrx_word' id='word_1_83' title='bbox 591 1844 657 1888; x_wconf 90' lang='lat' dir='ltr'>non</span> <span class='ocrx_word' id='word_1_84' title='bbox 677 1822 798 1913; x_wconf 84' lang='lat' dir='ltr'>quaerit</span> <span class='ocrx_word' id='word_1_85' title='bbox 816 1822 882 1915; x_wconf 91' lang='lat' dir='ltr'>tegi</span> <span class='ocrx_word' id='word_1_86' title='bbox 947 1844 953 1857; x_wconf 76' lang='lat'><strong>·</strong></span> 
     </span>
     <span class='ocr_line' id='line_1_15' title="bbox 102 1927 908 2017; baseline 0.001 -21"><span class='ocrx_word' id='word_1_87' title='bbox 102 1929 205 1997; x_wconf 85' lang='lat' dir='ltr'>Dives</span> <span class='ocrx_word' id='word_1_88' title='bbox 223 1927 405 2012; x_wconf 81' lang='lat' dir='ltr'>columnis3</span> <span class='ocrx_word' id='word_1_89' title='bbox 424 1953 487 1997; x_wconf 90' lang='lat' dir='ltr'>nec</span> <span class='ocrx_word' id='word_1_90' title='bbox 507 1930 617 1997; x_wconf 82' lang='lat' dir='ltr'>trabes</span> <span class='ocrx_word' id='word_1_91' title='bbox 632 1928 742 2017; x_wconf 90' lang='lat' dir='ltr'>multo</span> <span class='ocrx_word' id='word_1_92' title='bbox 761 1929 908 2000; x_wconf 91' lang='lat' dir='ltr'>insolens</span> 
     </span>
     <span class='ocr_line' id='line_1_16' title="bbox 103 2033 800 2134; baseline 0.001 -26"><span class='ocrx_word' id='word_1_93' title='bbox 103 2038 239 2134; x_wconf 86' lang='lat' dir='ltr'>Suffigit</span> <span class='ocrx_word' id='word_1_94' title='bbox 261 2063 369 2107; x_wconf 88' lang='lat' dir='ltr'>auro:</span> <span class='ocrx_word' id='word_1_95' title='bbox 390 2065 457 2109; x_wconf 93' lang='lat' dir='ltr'>non</span> <span class='ocrx_word' id='word_1_96' title='bbox 477 2064 577 2108; x_wconf 93' lang='lat' dir='ltr'>cruor</span> <span class='ocrx_word' id='word_1_97' title='bbox 597 2033 800 2133; x_wconf 31' lang='lat' dir='ltr'>largus‘pias</span> 
     </span>
    </p>
   </div>
   <div class='ocr_carea' id='block_1_3' title="bbox 102 2144 1161 2243">
    <p class='ocr_par' dir='ltr' id='par_1_4' title="bbox 102 2144 1161 2243">
     <span class='ocr_line' id='line_1_17' title="bbox 102 2144 1161 2243; baseline 0.002 -26"><span class='ocrx_word' id='word_1_98' title='bbox 102 2149 250 2218; x_wconf 84' lang='lat' dir='ltr'>Inundat</span> <span class='ocrx_word' id='word_1_99' title='bbox 266 2173 357 2231; x_wconf 79' lang='lat' dir='ltr'>aras3</span> <span class='ocrx_word' id='word_1_100' title='bbox 375 2149 471 2243; x_wconf 85' lang='lat' dir='ltr'>fruge</span> <span class='ocrx_word' id='word_1_101' title='bbox 490 2173 551 2217; x_wconf 86' lang='lat' dir='ltr'>nec</span> <span class='ocrx_word' id='word_1_102' title='bbox 569 2150 673 2242; x_wconf 82' lang='lat' dir='ltr'>sparsi</span> <span class='ocrx_word' id='word_1_103' title='bbox 692 2174 785 2219; x_wconf 87' lang='lat' dir='ltr'>sacra</span> <span class='ocrx_word' id='word_1_104' title='bbox 1142 2144 1161 2180; x_wconf 67' lang='lat'>‘</span> 
     </span>
    </p>
   </div>
   <div class='ocr_carea' id='block_1_4' title="bbox 10 2354 1234 4211">
    <p class='ocr_par' dir='ltr' id='par_1_5' title="bbox 66 2354 1127 2592">
     <span class='ocr_line' id='line_1_18' title="bbox 98 2354 1127 2432; baseline 0 -19"><span class='ocrx_word' id='word_1_105' title='bbox 98 2361 163 2421; x_wconf 88' lang='grc'><strong>488.</strong></span> <span class='ocrx_word' id='word_1_106' title='bbox 182 2359 268 2416; x_wconf 80' lang='lat' dir='ltr'>Ama,</span> <span class='ocrx_word' id='word_1_107' title='bbox 292 2359 383 2430; x_wconf 80' lang='lat' dir='ltr'>gratia.</span> <span class='ocrx_word' id='word_1_108' title='bbox 407 2391 447 2402; x_wconf 91' lang='lat'><em>-</em></span> <span class='ocrx_word' id='word_1_109' title='bbox 465 2357 569 2428; x_wconf 81' lang='lat' dir='ltr'>Infidum</span> <span class='ocrx_word' id='word_1_110' title='bbox 612 2359 717 2411; x_wconf 75' lang='lat' dir='ltr'>assortit</span> <span class='ocrx_word' id='word_1_111' title='bbox 734 2359 772 2412; x_wconf 88' lang='lat' dir='ltr'>les</span> <span class='ocrx_word' id='word_1_112' title='bbox 787 2354 931 2413; x_wconf 78' lang='lat' dir='ltr'>eareeteres</span> <span class='ocrx_word' id='word_1_113' title='bbox 944 2360 982 2412; x_wconf 84' lang='lat' dir='ltr'>les</span> <span class='ocrx_word' id='word_1_114' title='bbox 997 2361 1058 2432; x_wconf 78' lang='lat' dir='ltr'>plus</span> <span class='ocrx_word' id='word_1_115' title='bbox 1073 2379 1127 2414; x_wconf 86' lang='lat' dir='ltr'>res-</span> 
     </span>
     <span class='ocr_line' id='line_1_19' title="bbox 66 2436 1127 2511; baseline 0.003 -22"><span class='ocrx_word' id='word_1_116' title='bbox 66 2436 133 2492; x_wconf 77' lang='lat' dir='ltr'>imis.</span> <span class='ocrx_word' id='word_1_117' title='bbox 153 2439 257 2491; x_wconf 82' lang='lat' dir='ltr'>Meritis</span> <span class='ocrx_word' id='word_1_118' title='bbox 278 2439 396 2511; x_wconf 82' lang='lat' dir='ltr'>praemiis</span> <span class='ocrx_word' id='word_1_119' title='bbox 419 2452 444 2492; x_wconf 93' lang='lat' dir='ltr'>et</span> <span class='ocrx_word' id='word_1_120' title='bbox 464 2438 569 2491; x_wconf 85' lang='lat' dir='ltr'>honore</span> <span class='ocrx_word' id='word_1_121' title='bbox 612 2439 758 2503; x_wconf 81' lang='lat' dir='ltr'>semblans,</span> <span class='ocrx_word' id='word_1_122' title='bbox 771 2439 874 2493; x_wconf 84' lang='lat' dir='ltr'>sournit</span> <span class='ocrx_word' id='word_1_123' title='bbox 887 2438 933 2493; x_wconf 88' lang='lat' dir='ltr'>des</span> <span class='ocrx_word' id='word_1_124' title='bbox 945 2459 1127 2511; x_wconf 80' lang='lat' dir='ltr'><strong>compagnons</strong></span> 
     </span>
     <span class='ocr_line' id='line_1_20' title="bbox 66 2519 1126 2592; baseline 0.004 -24"><span class='ocrx_word' id='word_1_125' title='bbox 66 2535 112 2570; x_wconf 91' lang='lat' dir='ltr'>non</span> <span class='ocrx_word' id='word_1_126' title='bbox 127 2536 301 2575; x_wconf 82' lang='lat' dir='ltr'>remunerans</span> <span class='ocrx_word' id='word_1_127' title='bbox 313 2519 409 2570; x_wconf 86' lang='lat' dir='ltr'>bonos.</span> <span class='ocrx_word' id='word_1_128' title='bbox 612 2535 664 2569; x_wconf 79' lang='lat' dir='ltr'>aux</span> <span class='ocrx_word' id='word_1_129' title='bbox 683 2535 748 2588; x_wconf 84' lang='lat' dir='ltr'>gens</span> <span class='ocrx_word' id='word_1_130' title='bbox 768 2531 910 2584; x_wconf 84' lang='lat' dir='ltr'>vertueux,</span> <span class='ocrx_word' id='word_1_131' title='bbox 926 2520 946 2571; x_wconf 93' lang='lat' dir='ltr'>il</span> <span class='ocrx_word' id='word_1_132' title='bbox 962 2519 1051 2572; x_wconf 92' lang='lat' dir='ltr'>donne</span> <span class='ocrx_word' id='word_1_133' title='bbox 1067 2524 1126 2592; x_wconf 77' lang='lat' dir='ltr'>ega·</span> 
     </span>
    </p>

    <p class='ocr_par' dir='ltr' id='par_1_6' title="bbox 99 2596 1126 2669">
     <span class='ocr_line' id='line_1_21' title="bbox 99 2596 1126 2669; baseline 0.001 -18"><span class='ocrx_word' id='word_1_134' title='bbox 99 2600 161 2667; x_wconf 88' lang='grc'><strong>489.</strong></span> <span class='ocrx_word' id='word_1_135' title='bbox 183 2598 242 2651; x_wconf 84' lang='lat' dir='ltr'>Non</span> <span class='ocrx_word' id='word_1_136' title='bbox 260 2599 373 2668; x_wconf 79' lang='lat' dir='ltr'>pestr&#39;lens</span> <span class='ocrx_word' id='word_1_137' title='bbox 395 2598 500 2663; x_wconf 79' lang='lat' dir='ltr'>invidia,</span> <span class='ocrx_word' id='word_1_138' title='bbox 520 2618 568 2650; x_wconf 81' lang='lat' dir='ltr'>non</span> <span class='ocrx_word' id='word_1_139' title='bbox 611 2596 770 2651; x_wconf 86' lang='lat' dir='ltr'>lementdes</span> <span class='ocrx_word' id='word_1_140' title='bbox 783 2598 926 2669; x_wconf 84' lang='lat' dir='ltr'>complices</span> <span class='ocrx_word' id='word_1_141' title='bbox 936 2618 985 2652; x_wconf 81' lang='lat' dir='ltr'>anx</span> <span class='ocrx_word' id='word_1_142' title='bbox 996 2601 1126 2653; x_wconf 72' lang='lat' dir='ltr'>scelerate.</span> 
     </span>
    </p>

    <p class='ocr_par' dir='ltr' id='par_1_7' title="bbox 10 2675 1152 3066">
     <span class='ocr_line' id='line_1_22' title="bbox 10 2675 1126 2749; baseline 0.004 -22"><span class='ocrx_word' id='word_1_143' title='bbox 10 2692 13 2741; x_wconf 74' lang='grc' dir='ltr'><strong>ῑ</strong></span> <span class='ocrx_word' id='word_1_144' title='bbox 63 2675 152 2746; x_wconf 67' lang='lat' dir='ltr'>frugnd&#39;s</span> <span class='ocrx_word' id='word_1_145' title='bbox 161 2678 245 2746; x_wconf 75' lang='lat' dir='ltr'>fruor.</span> <span class='ocrx_word' id='word_1_146' title='bbox 261 2678 389 2749; x_wconf 76' lang='lat' dir='ltr'>suppleas</span> <span class='ocrx_word' id='word_1_147' title='bbox 402 2678 515 2749; x_wconf 86' lang='lat' dir='ltr'>ubique,</span> <span class='ocrx_word' id='word_1_148' title='bbox 530 2683 567 2730; x_wconf 77' lang='lat' dir='ltr'>in·</span> <span class='ocrx_word' id='word_1_149' title='bbox 612 2679 664 2730; x_wconf 84' lang='lat' dir='ltr'>Les</span> <span class='ocrx_word' id='word_1_150' title='bbox 677 2676 816 2730; x_wconf 82' lang='lat' dir='ltr'>de&#39;sordres</span> <span class='ocrx_word' id='word_1_151' title='bbox 834 2684 993 2732; x_wconf 82' lang='lat' dir='ltr'>s&#39;uccrurent</span> <span class='ocrx_word' id='word_1_152' title='bbox 1008 2678 1074 2732; x_wconf 84' lang='lat' dir='ltr'>dans</span> <span class='ocrx_word' id='word_1_153' title='bbox 1088 2679 1126 2732; x_wconf 83' lang='lat' dir='ltr'>les</span> 
     </span>
     <span class='ocr_line' id='line_1_23' title="bbox 10 2745 1152 2830; baseline 0.004 -23"><span class='ocrx_word' id='word_1_154' title='bbox 10 2746 13 2797; x_wconf 78' lang='lat' dir='ltr'>l</span> <span class='ocrx_word' id='word_1_155' title='bbox 63 2755 227 2824; x_wconf 46' lang='lat' dir='ltr'>damnumve.</span> <span class='ocrx_word' id='word_1_156' title='bbox 241 2759 308 2821; x_wconf 88' lang='grc'><strong>486.</strong></span> <span class='ocrx_word' id='word_1_157' title='bbox 348 2745 356 2763; x_wconf 79' lang='grc'><strong>’</strong></span> <span class='ocrx_word' id='word_1_158' title='bbox 612 2757 705 2821; x_wconf 77' lang='lat' dir='ltr'>viller3</span> <span class='ocrx_word' id='word_1_159' title='bbox 726 2755 760 2810; x_wconf 89' lang='lat' dir='ltr'>de</span> <span class='ocrx_word' id='word_1_160' title='bbox 777 2776 917 2810; x_wconf 83' lang='lat' dir='ltr'>nouveaux</span> <span class='ocrx_word' id='word_1_161' title='bbox 935 2759 1005 2811; x_wconf 79' lang='lat' dir='ltr'>vices</span> <span class='ocrx_word' id='word_1_162' title='bbox 1023 2759 1152 2830; x_wconf 51' lang='lat' dir='ltr'>prirent¹</span> 
     </span>
     <span class='ocr_line' id='line_1_24' title="bbox 10 2800 970 2907; baseline 0.002 -19"><span class='ocrx_word' id='word_1_163' title='bbox 10 2800 14 2893; x_wconf 89' lang='lat' dir='ltr'>l</span> <span class='ocrx_word' id='word_1_164' title='bbox 100 2843 160 2904; x_wconf 79' lang='grc'><strong>490.</strong></span> <span class='ocrx_word' id='word_1_165' title='bbox 176 2838 263 2907; x_wconf 74' lang='lat' dir='ltr'>Regno</span> <span class='ocrx_word' id='word_1_166' title='bbox 275 2839 374 2900; x_wconf 78' lang='lat' dir='ltr'>servire,</span> <span class='ocrx_word' id='word_1_167' title='bbox 394 2849 448 2900; x_wconf 85' lang='lat' dir='ltr'>est,</span> <span class='ocrx_word' id='word_1_168' title='bbox 461 2836 568 2906; x_wconf 83' lang='lat' dir='ltr'>regibus</span> <span class='ocrx_word' id='word_1_169' title='bbox 612 2834 763 2900; x_wconf 72' lang='lat' dir='ltr'>unisonum,</span> <span class='ocrx_word' id='word_1_170' title='bbox 775 2848 848 2891; x_wconf 77' lang='lat' dir='ltr'>etc.»</span> <span class='ocrx_word' id='word_1_171' title='bbox 865 2839 970 2890; x_wconf 72' lang='lat' dir='ltr'>Bionis.</span> 
     </span>
     <span class='ocr_line' id='line_1_25' title="bbox 69 2915 1126 2989; baseline 0.004 -24"><span class='ocrx_word' id='word_1_172' title='bbox 69 2916 178 2970; x_wconf 81' lang='lat' dir='ltr'>servilem</span> <span class='ocrx_word' id='word_1_173' title='bbox 192 2919 313 2987; x_wconf 81' lang='lat' dir='ltr'>praebere</span> <span class='ocrx_word' id='word_1_174' title='bbox 326 2915 522 2981; x_wconf 66' lang='lat' dir='ltr'>adulationem</span> <span class='ocrx_word' id='word_1_175' title='bbox 534 2937 568 2968; x_wconf 81' lang='lat' dir='ltr'>re·</span> <span class='ocrx_word' id='word_1_176' title='bbox 655 2915 722 2985; x_wconf 79' lang='grc'><strong>495.</strong></span> <span class='ocrx_word' id='word_1_177' title='bbox 736 2916 867 2980; x_wconf 81' lang='lat' dir='ltr'>Conscius,</span> <span class='ocrx_word' id='word_1_178' title='bbox 884 2936 964 2989; x_wconf 84' lang='lat' dir='ltr'>supp.</span> <span class='ocrx_word' id='word_1_179' title='bbox 979 2917 1056 2987; x_wconf 85' lang='lat' dir='ltr'>pravi</span> <span class='ocrx_word' id='word_1_180' title='bbox 1077 2918 1126 2970; x_wconf 78' lang='lat' dir='ltr'>ati-</span> 
     </span>
     <span class='ocr_line' id='line_1_26' title="bbox 68 2995 836 3066; baseline 0.003 -20"><span class='ocrx_word' id='word_1_181' title='bbox 68 3011 107 3062; x_wconf 79' lang='lat' dir='ltr'>gno</span> <span class='ocrx_word' id='word_1_182' title='bbox 118 2998 253 3060; x_wconf 67' lang='lat' dir='ltr'>imminere,</span> <span class='ocrx_word' id='word_1_183' title='bbox 267 3008 400 3066; x_wconf 75' lang='lat' dir='ltr'>sceptrum</span> <span class='ocrx_word' id='word_1_184' title='bbox 417 2995 549 3050; x_wconf 81' lang='lat' dir='ltr'>affectare.</span> <span class='ocrx_word' id='word_1_185' title='bbox 612 2997 687 3066; x_wconf 85' lang='lat' dir='ltr'>enjus</span> <span class='ocrx_word' id='word_1_186' title='bbox 704 2996 836 3049; x_wconf 81' lang='lat' dir='ltr'>facinoris.</span> 
     </span>
    </p>

    <p class='ocr_par' dir='ltr' id='par_1_8' title="bbox 99 3074 1234 3146">
     <span class='ocr_line' id='line_1_27' title="bbox 99 3074 1234 3146; baseline 0 -18"><span class='ocrx_word' id='word_1_187' title='bbox 99 3077 163 3144; x_wconf 84' lang='grc'><strong>493.</strong></span> <span class='ocrx_word' id='word_1_188' title='bbox 175 3077 314 3146; x_wconf 77' lang='lat' dir='ltr'>Degeneri,</span> <span class='ocrx_word' id='word_1_189' title='bbox 327 3075 447 3146; x_wconf 81' lang='lat' dir='ltr'>ignobili.</span> <span class='ocrx_word' id='word_1_190' title='bbox 654 3081 720 3145; x_wconf 90' lang='grc'><strong>496.</strong></span> <span class='ocrx_word' id='word_1_191' title='bbox 732 3076 811 3128; x_wconf 83' lang='lat' dir='ltr'>Haud</span> <span class='ocrx_word' id='word_1_192' title='bbox 822 3074 987 3145; x_wconf 74' lang='lat' dir='ltr'>uerbafinglt.</span> <span class='ocrx_word' id='word_1_193' title='bbox 1000 3075 1058 3128; x_wconf 87' lang='lat' dir='ltr'>Hoc</span> <span class='ocrx_word' id='word_1_194' title='bbox 1072 3089 1124 3141; x_wconf 85' lang='lat' dir='ltr'>est,</span> <span class='ocrx_word' id='word_1_195' title='bbox 1230 3114 1234 3121; x_wconf 84' lang='lat'>-</span> 
     </span>
    </p>

    <p class='ocr_par' dir='ltr' id='par_1_9' title="bbox 70 3154 1124 3306">
     <span class='ocr_line' id='line_1_28' title="bbox 99 3154 1124 3228; baseline -0.002 -19"><span class='ocrx_word' id='word_1_196' title='bbox 99 3159 160 3222; x_wconf 88' lang='grc'><strong>494.</strong></span> <span class='ocrx_word' id='word_1_197' title='bbox 171 3157 222 3210; x_wconf 81' lang='lat' dir='ltr'>Nec</span> <span class='ocrx_word' id='word_1_198' title='bbox 234 3156 324 3207; x_wconf 79' lang='lat' dir='ltr'>scelera</span> <span class='ocrx_word' id='word_1_199' title='bbox 327 3156 429 3226; x_wconf 81' lang='lat' dir='ltr'>populos</span> <span class='ocrx_word' id='word_1_200' title='bbox 436 3158 507 3219; x_wconf 82' lang='lat' dir='ltr'>inter,</span> <span class='ocrx_word' id='word_1_201' title='bbox 518 3169 568 3208; x_wconf 86' lang='lat' dir='ltr'>etc.</span> <span class='ocrx_word' id='word_1_202' title='bbox 612 3173 665 3207; x_wconf 91' lang='lat' dir='ltr'>non</span> <span class='ocrx_word' id='word_1_203' title='bbox 680 3154 742 3207; x_wconf 83' lang='lat' dir='ltr'>ficte</span> <span class='ocrx_word' id='word_1_204' title='bbox 755 3169 780 3208; x_wconf 90' lang='lat' dir='ltr'>et</span> <span class='ocrx_word' id='word_1_205' title='bbox 794 3156 914 3208; x_wconf 79' lang='lat' dir='ltr'>simulate</span> <span class='ocrx_word' id='word_1_206' title='bbox 928 3156 1055 3228; x_wconf 87' lang='lat' dir='ltr'>loquitur,</span> <span class='ocrx_word' id='word_1_207' title='bbox 1069 3175 1124 3208; x_wconf 85' lang='lat' dir='ltr'>non</span> 
     </span>
     <span class='ocr_line' id='line_1_29' title="bbox 70 3230 904 3306; baseline 0.004 -23"><span class='ocrx_word' id='word_1_208' title='bbox 70 3230 152 3286; x_wconf 84' lang='lat' dir='ltr'>Cicero</span> <span class='ocrx_word' id='word_1_209' title='bbox 167 3248 220 3306; x_wconf 87' lang='lat' dir='ltr'>pro</span> <span class='ocrx_word' id='word_1_210' title='bbox 240 3237 320 3289; x_wconf 83' lang='lat' dir='ltr'>Ruso.</span> <span class='ocrx_word' id='word_1_211' title='bbox 335 3234 454 3288; x_wconf 80' lang='lat' dir='ltr'>Amerin.</span> <span class='ocrx_word' id='word_1_212' title='bbox 471 3254 494 3288; x_wconf 88' lang='lat' dir='ltr'>c.</span> <span class='ocrx_word' id='word_1_213' title='bbox 508 3234 566 3304; x_wconf 81' lang='lat'>75:</span> <span class='ocrx_word' id='word_1_214' title='bbox 610 3233 684 3287; x_wconf 87' lang='lat' dir='ltr'>aliud</span> <span class='ocrx_word' id='word_1_215' title='bbox 697 3233 801 3288; x_wconf 81' lang='lat' dir='ltr'>(licitae</span> <span class='ocrx_word' id='word_1_216' title='bbox 816 3235 904 3288; x_wconf 88' lang='lat' dir='ltr'>sentit.</span> 
     </span>
    </p>

    <p class='ocr_par' dir='ltr' id='par_1_10' title="bbox 70 3313 1153 3703">
     <span class='ocr_line' id='line_1_30' title="bbox 72 3313 1125 3386; baseline 0.002 -21"><span class='ocrx_word' id='word_1_217' title='bbox 72 3313 123 3365; x_wconf 78' lang='lat' dir='ltr'>«ln</span> <span class='ocrx_word' id='word_1_218' title='bbox 132 3315 199 3368; x_wconf 86' lang='lat' dir='ltr'>urbe</span> <span class='ocrx_word' id='word_1_219' title='bbox 211 3314 331 3368; x_wconf 85' lang='lat' dir='ltr'>luxuries</span> <span class='ocrx_word' id='word_1_220' title='bbox 346 3326 452 3367; x_wconf 85' lang='lat' dir='ltr'>creatur</span> <span class='ocrx_word' id='word_1_221' title='bbox 464 3332 514 3367; x_wconf 83' lang='lat' dir='ltr'>:ex</span> <span class='ocrx_word' id='word_1_222' title='bbox 530 3315 569 3366; x_wconf 90' lang='lat' dir='ltr'>ln·</span> <span class='ocrx_word' id='word_1_223' title='bbox 655 3323 710 3383; x_wconf 79' lang='grc'><strong>497</strong></span> <span class='ocrx_word' id='word_1_224' title='bbox 725 3333 764 3386; x_wconf 63' lang='lat'>⁸¹1·</span> <span class='ocrx_word' id='word_1_225' title='bbox 782 3315 839 3367; x_wconf 84' lang='lat' dir='ltr'>Non</span> <span class='ocrx_word' id='word_1_226' title='bbox 852 3313 948 3384; x_wconf 78' lang='lat' dir='ltr'>suffigit</span> <span class='ocrx_word' id='word_1_227' title='bbox 963 3314 1049 3365; x_wconf 83' lang='lat' dir='ltr'>trabes.</span> <span class='ocrx_word' id='word_1_228' title='bbox 1064 3314 1125 3367; x_wconf 90' lang='lat' dir='ltr'>Non</span> 
     </span>
     <span class='ocr_line' id='line_1_31' title="bbox 70 3393 1124 3463; baseline 0.003 -22"><span class='ocrx_word' id='word_1_229' title='bbox 70 3393 131 3444; x_wconf 72' lang='lat' dir='ltr'>iuria</span> <span class='ocrx_word' id='word_1_230' title='bbox 145 3395 251 3448; x_wconf 76' lang='lat' dir='ltr'>exsistat</span> <span class='ocrx_word' id='word_1_231' title='bbox 270 3393 379 3446; x_wconf 79' lang='lat' dir='ltr'>avaritia</span> <span class='ocrx_word' id='word_1_232' title='bbox 395 3412 500 3447; x_wconf 82' lang='lat' dir='ltr'>neeesse</span> <span class='ocrx_word' id='word_1_233' title='bbox 511 3406 565 3446; x_wconf 85' lang='lat' dir='ltr'>est:</span> <span class='ocrx_word' id='word_1_234' title='bbox 614 3395 771 3447; x_wconf 85' lang='lat' dir='ltr'>exteriorem</span> <span class='ocrx_word' id='word_1_235' title='bbox 787 3394 869 3446; x_wconf 80' lang='lat' dir='ltr'>trebie</span> <span class='ocrx_word' id='word_1_236' title='bbox 885 3395 1012 3463; x_wconf 86' lang='lat' dir='ltr'>cujusque</span> <span class='ocrx_word' id='word_1_237' title='bbox 1023 3406 1124 3463; x_wconf 82' lang='lat' dir='ltr'>partem</span> 
     </span>
     <span class='ocr_line' id='line_1_32' title="bbox 71 3471 1153 3544; baseline 0.004 -24"><span class='ocrx_word' id='word_1_238' title='bbox 71 3485 94 3520; x_wconf 79' lang='lat' dir='ltr'>rx</span> <span class='ocrx_word' id='word_1_239' title='bbox 106 3473 209 3526; x_wconf 78' lang='lat' dir='ltr'>avaritia</span> <span class='ocrx_word' id='word_1_240' title='bbox 224 3485 348 3544; x_wconf 78' lang='lat' dir='ltr'>erumpat</span> <span class='ocrx_word' id='word_1_241' title='bbox 364 3471 473 3526; x_wconf 82' lang='lat' dir='ltr'>andacia</span> <span class='ocrx_word' id='word_1_242' title='bbox 487 3491 493 3525; x_wconf 72' lang='grc' dir='ltr'><em>ι</em></span> <span class='ocrx_word' id='word_1_243' title='bbox 506 3473 569 3526; x_wconf 89' lang='lat' dir='ltr'>inde</span> <span class='ocrx_word' id='word_1_244' title='bbox 612 3474 699 3526; x_wconf 79' lang='lat' dir='ltr'>aureis</span> <span class='ocrx_word' id='word_1_245' title='bbox 709 3473 813 3526; x_wconf 81' lang='lat' dir='ltr'>laminis</span> <span class='ocrx_word' id='word_1_246' title='bbox 824 3472 1125 3542; x_wconf 82' lang='lat' dir='ltr'>contegit.-Insolens‚</span> <span class='ocrx_word' id='word_1_247' title='bbox 1151 3491 1153 3501; x_wconf 93' lang='lat'>·</span> 
     </span>
     <span class='ocr_line' id='line_1_33' title="bbox 72 3549 1126 3624; baseline 0.006 -25"><span class='ocrx_word' id='word_1_248' title='bbox 72 3549 145 3602; x_wconf 80' lang='lat' dir='ltr'>omnir</span> <span class='ocrx_word' id='word_1_249' title='bbox 159 3553 257 3605; x_wconf 82' lang='lat' dir='ltr'>seelera</span> <span class='ocrx_word' id='word_1_250' title='bbox 270 3570 301 3604; x_wconf 81' lang='lat' dir='ltr'>ac</span> <span class='ocrx_word' id='word_1_251' title='bbox 314 3552 442 3606; x_wconf 82' lang='lat' dir='ltr'>maleficia</span> <span class='ocrx_word' id='word_1_252' title='bbox 459 3554 569 3624; x_wconf 83' lang='lat' dir='ltr'>gignen·</span> <span class='ocrx_word' id='word_1_253' title='bbox 613 3556 749 3624; x_wconf 85' lang='lat' dir='ltr'>superbus.</span> <span class='ocrx_word' id='word_1_254' title='bbox 762 3552 813 3605; x_wconf 90' lang='lat' dir='ltr'>Vel</span> <span class='ocrx_word' id='word_1_255' title='bbox 825 3551 953 3607; x_wconf 79' lang='lat' dir='ltr'>alluditur</span> <span class='ocrx_word' id='word_1_256' title='bbox 967 3552 1002 3606; x_wconf 81' lang='lat' dir='ltr'>ud</span> <span class='ocrx_word' id='word_1_257' title='bbox 1017 3554 1126 3606; x_wconf 82' lang='lat' dir='ltr'>miracu-</span> 
     </span>
     <span class='ocr_line' id='line_1_34' title="bbox 72 3623 890 3703; baseline 0.001 -21"><span class='ocrx_word' id='word_1_258' title='bbox 72 3636 135 3679; x_wconf 73' lang='lat' dir='ltr'>tur.»</span> <span class='ocrx_word' id='word_1_259' title='bbox 152 3633 184 3682; x_wconf 92' lang='lat' dir='ltr'>In</span> <span class='ocrx_word' id='word_1_260' title='bbox 199 3630 319 3685; x_wconf 86' lang='lat' dir='ltr'>eamdem</span> <span class='ocrx_word' id='word_1_261' title='bbox 336 3645 438 3702; x_wconf 85' lang='lat' dir='ltr'>partem</span> <span class='ocrx_word' id='word_1_262' title='bbox 453 3632 570 3703; x_wconf 80' lang='lat' dir='ltr'>disputat</span> <span class='ocrx_word' id='word_1_263' title='bbox 613 3632 667 3685; x_wconf 90' lang='lat' dir='ltr'>lum</span> <span class='ocrx_word' id='word_1_264' title='bbox 686 3633 734 3686; x_wconf 88' lang='lat' dir='ltr'>rei.</span> <span class='ocrx_word' id='word_1_265' title='bbox 889 3623 890 3626; x_wconf 9' lang='grc' dir='ltr'><strong>Ἴ</strong></span> 
     </span>
    </p>

    <p class='ocr_par' dir='ltr' id='par_1_11' title="bbox 73 3703 1128 4019">
     <span class='ocr_line' id='line_1_35' title="bbox 73 3703 1125 3783; baseline 0.005 -24"><span class='ocrx_word' id='word_1_266' title='bbox 73 3703 213 3764; x_wconf 69' lang='lat' dir='ltr'>tiedericus</span> <span class='ocrx_word' id='word_1_267' title='bbox 226 3713 268 3776; x_wconf 84' lang='lat'>11,</span> <span class='ocrx_word' id='word_1_268' title='bbox 281 3710 335 3783; x_wconf 84' lang='lat' dir='ltr'>Op.</span> <span class='ocrx_word' id='word_1_269' title='bbox 346 3731 384 3776; x_wconf 84' lang='lat'>11,</span> <span class='ocrx_word' id='word_1_270' title='bbox 405 3730 481 3780; x_wconf 78' lang='lat' dir='ltr'>2‚p.</span> <span class='ocrx_word' id='word_1_271' title='bbox 500 3715 568 3764; x_wconf 82' lang='lat'>166:</span> <span class='ocrx_word' id='word_1_272' title='bbox 655 3719 721 3780; x_wconf 77' lang='grc'><strong>499·</strong></span> <span class='ocrx_word' id='word_1_273' title='bbox 737 3712 859 3776; x_wconf 66' lang='lat' dir='ltr'>inuadat,</span> <span class='ocrx_word' id='word_1_274' title='bbox 874 3724 903 3764; x_wconf 88' lang='lat' dir='ltr'>ut</span> <span class='ocrx_word' id='word_1_275' title='bbox 917 3729 1011 3781; x_wconf 84' lang='lat' dir='ltr'>magna</span> <span class='ocrx_word' id='word_1_276' title='bbox 1031 3725 1069 3765; x_wconf 86' lang='lat' dir='ltr'>est</span> <span class='ocrx_word' id='word_1_277' title='bbox 1085 3717 1125 3764; x_wconf 81' lang='lat' dir='ltr'>vi·</span> 
     </span>
     <span class='ocr_line' id='line_1_36' title="bbox 78 3787 1127 3862; baseline 0.006 -24"><span class='ocrx_word' id='word_1_278' title='bbox 78 3787 222 3843; x_wconf 71' lang='lat' dir='ltr'>1Lamalice</span> <span class='ocrx_word' id='word_1_279' title='bbox 241 3790 277 3842; x_wconf 91' lang='lat' dir='ltr'>du</span> <span class='ocrx_word' id='word_1_280' title='bbox 293 3808 365 3853; x_wconf 77' lang='lat' dir='ltr'>coeur</span> <span class='ocrx_word' id='word_1_281' title='bbox 378 3791 504 3855; x_wconf 82' lang='lat' dir='ltr'>hnmain,</span> <span class='ocrx_word' id='word_1_282' title='bbox 522 3791 568 3861; x_wconf 89' lang='lat' dir='ltr'>qui</span> <span class='ocrx_word' id='word_1_283' title='bbox 613 3792 845 3862; x_wconf 81' lang='lat' dir='ltr'>etimarumcopiu.</span> <span class='ocrx_word' id='word_1_284' title='bbox 854 3791 975 3860; x_wconf 81' lang='lat' dir='ltr'>—Fruge</span> <span class='ocrx_word' id='word_1_285' title='bbox 981 3812 1061 3844; x_wconf 84' lang='lat' dir='ltr'>sacru.</span> <span class='ocrx_word' id='word_1_286' title='bbox 1070 3793 1127 3844; x_wconf 88' lang='lat' dir='ltr'>Mo-</span> 
     </span>
     <span class='ocr_line' id='line_1_37' title="bbox 76 3868 1125 3942; baseline 0.009 -26"><span class='ocrx_word' id='word_1_287' title='bbox 76 3868 157 3920; x_wconf 81' lang='lat' dir='ltr'>temble</span> <span class='ocrx_word' id='word_1_288' title='bbox 170 3869 314 3940; x_wconf 89' lang='lat' dir='ltr'>engourdie</span> <span class='ocrx_word' id='word_1_289' title='bbox 328 3869 393 3922; x_wconf 85' lang='lat' dir='ltr'>dans</span> <span class='ocrx_word' id='word_1_290' title='bbox 406 3871 430 3922; x_wconf 80' lang='lat' dir='ltr'>ln</span> <span class='ocrx_word' id='word_1_291' title='bbox 443 3869 568 3934; x_wconf 78' lang='lat' dir='ltr'>solitudo,</span> <span class='ocrx_word' id='word_1_292' title='bbox 613 3872 638 3922; x_wconf 86' lang='lat' dir='ltr'>lu</span> <span class='ocrx_word' id='word_1_293' title='bbox 653 3890 684 3934; x_wconf 79' lang='lat' dir='ltr'>ex</span> <span class='ocrx_word' id='word_1_294' title='bbox 698 3869 799 3923; x_wconf 90' lang='lat' dir='ltr'>hordeo</span> <span class='ocrx_word' id='word_1_295' title='bbox 813 3884 843 3935; x_wconf 68' lang='lat' dir='ltr'>et,</span> <span class='ocrx_word' id='word_1_296' title='bbox 859 3871 910 3923; x_wconf 84' lang='lat' dir='ltr'>sale</span> <span class='ocrx_word' id='word_1_297' title='bbox 926 3872 1045 3924; x_wconf 87' lang='lat' dir='ltr'>confecta</span> <span class='ocrx_word' id='word_1_298' title='bbox 1057 3893 1061 3922; x_wconf 92' lang='lat'>:</span> <span class='ocrx_word' id='word_1_299' title='bbox 1074 3891 1125 3942; x_wconf 85' lang='lat' dir='ltr'>qua</span> 
     </span>
     <span class='ocr_line' id='line_1_38' title="bbox 77 3947 1128 4019; baseline 0.009 -26"><span class='ocrx_word' id='word_1_300' title='bbox 77 3961 98 3994; x_wconf 84' lang='lat' dir='ltr'>se</span> <span class='ocrx_word' id='word_1_301' title='bbox 110 3948 200 4001; x_wconf 79' lang='lat' dir='ltr'>ranime</span> <span class='ocrx_word' id='word_1_302' title='bbox 221 3947 287 4001; x_wconf 82' lang='lat' dir='ltr'>dans</span> <span class='ocrx_word' id='word_1_303' title='bbox 305 3950 331 4000; x_wconf 88' lang='lat' dir='ltr'>le</span> <span class='ocrx_word' id='word_1_304' title='bbox 348 3948 433 4019; x_wconf 85' lang='lat' dir='ltr'>grand</span> <span class='ocrx_word' id='word_1_305' title='bbox 452 3949 568 4002; x_wconf 87' lang='lat' dir='ltr'>monde:</span> <span class='ocrx_word' id='word_1_306' title='bbox 614 3952 728 4002; x_wconf 80' lang='lat' dir='ltr'>frontem</span> <span class='ocrx_word' id='word_1_307' title='bbox 742 3952 867 4014; x_wconf 73' lang='lat' dir='ltr'>victime,</span> <span class='ocrx_word' id='word_1_308' title='bbox 883 3951 974 4003; x_wconf 85' lang='lat' dir='ltr'>focum</span> <span class='ocrx_word' id='word_1_309' title='bbox 991 3965 1016 4003; x_wconf 87' lang='lat' dir='ltr'>et</span> <span class='ocrx_word' id='word_1_310' title='bbox 1029 3952 1128 4004; x_wconf 87' lang='lat' dir='ltr'>cultros</span> 
     </span>
    </p>

    <p class='ocr_par' dir='ltr' id='par_1_12' title="bbox 15 3958 1029 4211">
     <span class='ocr_line' id='line_1_39' title="bbox 15 3958 1029 4211; baseline 0.011 -140"><span class='ocrx_word' id='word_1_311' title='bbox 15 3958 24 4211; x_wconf 52' lang='grc' dir='ltr'><strong>ι</strong></span> <span class='ocrx_word' id='word_1_312' title='bbox 79 4025 123 4076; x_wconf 84' lang='lat' dir='ltr'>etsi</span> <span class='ocrx_word' id='word_1_313' title='bbox 132 4028 154 4079; x_wconf 89' lang='lat' dir='ltr'>le</span> <span class='ocrx_word' id='word_1_314' title='bbox 165 4047 314 4082; x_wconf 85' lang='lat' dir='ltr'>commerce</span> <span class='ocrx_word' id='word_1_315' title='bbox 327 4027 372 4080; x_wconf 89' lang='lat' dir='ltr'>des</span> <span class='ocrx_word' id='word_1_316' title='bbox 383 4029 514 4095; x_wconf 83' lang='lat' dir='ltr'>hommes,</span> <span class='ocrx_word' id='word_1_317' title='bbox 524 4031 569 4100; x_wconf 92' lang='lat' dir='ltr'>qui</span> <span class='ocrx_word' id='word_1_318' title='bbox 615 4047 752 4101; x_wconf 82' lang='lat' dir='ltr'>aspergere</span> <span class='ocrx_word' id='word_1_319' title='bbox 768 4031 848 4083; x_wconf 87' lang='lat' dir='ltr'>moris</span> <span class='ocrx_word' id='word_1_320' title='bbox 864 4043 928 4083; x_wconf 82' lang='lat' dir='ltr'>erat.</span> <span class='ocrx_word' id='word_1_321' title='bbox 944 4031 1029 4082; x_wconf 74' lang='lat' dir='ltr'>ann.</span> 
     </span>
    </p>
   </div>
   <div class='ocr_carea' id='block_1_5' title="bbox 0 0 1330 4814">
    <p class='ocr_par' dir='ltr' id='par_1_13' title="bbox 0 0 1330 4814">
     <span class='ocr_line' id='line_1_40' title="bbox 0 0 1330 4814; baseline 0 0"><span class='ocrx_word' id='word_1_322' title='bbox 0 0 1330 4814; x_wconf 95' lang='lat' dir='ltr'> </span> 
     </span>
    </p>
   </div>
  </div>
 </body>
</html>
