2632 4814
314 372 663 440 HIPPOLYTUS.
690 372 801 444 ACT.
827 377 854 443 Ι.

109 477 250 560 Tradidit
270 517 390 562 currus
408 492 505 562 aliter
523 493 696 588 regendos.

106 600 157 671 llle
176 617 360 672 nocturnas
384 604 510 696 agitare
527 604 622 697 bigas

103 713 223 796 Discit,
246 728 280 780 et
303 738 384 807 gyro
407 714 558 782 breviore
577 715 678 783 flecti.

102 825 165 892 Nec
188 848 288 891 suum
312 839 444 918 tempus
461 839 597 893 tenuere
614 840 748 908 noctes,
811 844 816 855 ⁴

101 937 139 1002 Et
158 933 231 1002 dies
251 934 350 1001 tardo
370 937 530 1003 remeavit
551 950 643 1015 ortu,

99 1045 185 1110 Dum
205 1058 356 1111 tremunt
373 1069 450 1112 axes
470 1046 621 1139 graviore
641 1070 754 1115 curru.

100 1155 204 1222 Natus
223 1151 385 1223 Alcmena
404 1155 517 1247 posuit
536 1155 747 1248 pharetram,

48 1323 49 1327 ,
99 1268 138 1332 Et
156 1265 274 1331 minax
291 1265 375 1334 vasti
397 1264 541 1358 spolium
561 1264 684 1350 leonis3

99 1376 216 1443 Passus
232 1376 341 1469 aptari
357 1375 472 1469 digitis
495 1375 706 1469 smaragdos,

10 1510 12 1515 ·
101 1484 137 1553 Et
157 1485 233 1552 dari
253 1483 358 1579 legem
378 1484 521 1553 rudibus
538 1483 677 1578 capillis.

10 1630 13 1659 ;
100 1599 208 1664 Crura
227 1595 385 1676 distincto
409 1594 563 1690 religavit
583 1620 686 1680 aum,
764 1623 768 1633 ·

10 1904 16 2075 l

100 1708 206 1773 Luteo
226 1704 356 1798 plantas
378 1705 556 1774 cohibente
578 1729 692 1791 socco;

94 1869 157 1921 312.
167 1869 263 1936 Bigas,
276 1868 363 1931 lune,
377 1867 433 1937 ipse
444 1868 485 1920 sol
501 1885 565 1938 qua-
610 1864 1126 1936 dereparaltredanslescoatreesorien·

62 1946 134 2018 drigis
148 1959 278 2000 assuetus.
288 1947 309 1998 F
313 1966 377 1999 ann.
610 1946 690 2008 tales,
702 1944 790 1998 tandis
803 1964 855 2017 que
866 1947 890 1997 le
899 1946 963 1998 char
977 1944 1011 1998 de
1024 1946 1048 1999 la
1062 1948 1125 2000 lune

95 2026 156 2079 313.
169 2026 241 2096 Gyro
250 2027 362 2079 breviare.
372 2026 480 2080 Circulo
489 2038 565 2079 terrae
612 2025 725 2078 tremble
736 2044 797 2077 sous
810 2027 835 2077 le
848 2024 927 2096 poids
940 2024 1098 2096 d'Apollon.
1109 2052 1120 2073 n

61 2106 183 2176 propiori.
204 2106 337 2172 Celerius,
355 2106 454 2158 scilicet
470 2105 566 2176 viginti
652 2105 719 2175 317.
739 2105 820 2158 Natus
835 2105 970 2170 Alcmena,
986 2106 1124 2160 Hercules.

62 2199 83 2238 et
94 2198 192 2256 septem
206 2184 319 2253 diebus,
331 2199 391 2238 octo
404 2185 492 2248 horis,
506 2204 566 2237 cur·
613 2215 650 2226 -
660 2185 748 2236 Posuit
766 2185 922 2254 pharetram,
942 2185 1053 2239 Hercul.
1070 2187 1123 2239 fur.

62 2284 195 2317 summum
203 2267 308 2336 peragit
317 2285 396 2336 quam
405 2265 566 2336 sol.Thyest.
614 2263 668 2326 465
688 2283 728 2335 sq.

10 2352 15 2397 .'
62 2364 92 2397 rs.
106 2347 171 2409 840.
182 2345 271 2397 Finit.
654 2345 720 2397 318.
732 2344 835 2409 Leonis,
849 2344 975 2396 Nemeaei.

97 2426 160 2488 314.
175 2425 229 2476 Nec
241 2443 309 2475 suum
325 2436 429 2493 tempus,
443 2435 493 2475 etc.
511 2421 567 2475 No·
654 2422 720 2491 319.
732 2421 895 2491 Smaragdos,
907 2423 1021 2476 annulos
1030 2442 1126 2476 smara-

64 2516 108 2556 ctes
120 2522 175 2555 nou
191 2503 369 2556 obtinuerunt
379 2504 485 2555 solitam
499 2515 567 2556 tem·
613 2501 671 2574 gdie
686 2501 833 2555 distinctos.

63 2584 125 2652 poris
137 2581 358 2648 diuturnitatem
370 2595 396 2634 et
404 2583 454 2634 hoc
463 2582 523 2634 loco
535 2583 568 2634 si·
654 2584 718 2636 320.
733 2583 800 2632 Dari
812 2583 885 2651 legem
901 2581 999 2634 rudibus
1016 2583 1125 2652 capillis,

64 2662 212 2730 gnificaturt
233 2688 243 2710 ι
257 2661 357 2716 diutius
369 2659 540 2715 duraverunt.
552 2686 563 2707 ι
612 2663 675 2731 quia
687 2661 925 2727 concionabantur,
941 2663 1015 2714 verbi
1027 2662 1125 2731 gratia,

65 2741 119 2794 vid.
132 2762 170 2795 vs.
187 2761 228 2814 sq.
613 2753 639 2794 et
650 2742 762 2794 reticulo
776 2740 990 2811 implicabantur.

98 2822 163 2875 315.
180 2821 267 2873 Tarda
279 2824 391 2873 remearit
401 2832 471 2887 ortu,
485 2820 568 2875 serius
654 2822 722 2875 321.
736 2819 815 2872 Crura
827 2821 884 2872 dist.
894 2832 945 2874 etc.
953 2820 1032 2873 Suras
1042 2820 1127 2875 riocit

65 2902 182 2955 remeavit
195 2913 223 2953 et
237 2912 310 2953 ortus
320 2913 368 2953 est.
612 2919 755 2953 soccorum
778 2900 865 2953 fasciis
891 2918 956 2952 auro
985 2899 1125 2955 distinctis.

99 2981 164 3036 316.
178 2981 245 3032 Dum
257 2991 374 3044 tremunt,
386 2991 437 3031 etc.
447 2977 569 3049 Explicat
612 2979 864 3050 Interpretationem
882 2980 952 3032 hanc
965 2981 1057 3032 falsam
1070 2999 1126 3034 esse

67 3056 202 3114 hiaversus
214 3058 283 3112 duos
294 3057 482 3130 procedentes.
493 3056 569 3110 Scili·
613 3072 731 3112 autumat
741 3058 890 3123 Badeuius,
902 3072 926 3111 et
938 3059 1063 3112 Senecam
1077 3079 1125 3130 per
1183 3052 1186 3059 ’

68 3152 114 3204 cet,
127 3159 212 3212 φιιιιη
227 3139 343 3192 'currum
367 3140 449 3190 Lunae
472 3138 570 3209 Apollo
613 3140 749 3191 distinctam
762 3159 847 3190 aurum
859 3139 1005 3210 intelligere
1015 3159 1128 3210 purum,

69 3218 283 3284 conscendit‚sub
294 3217 337 3270 dei
345 3217 464 3288 pondere
473 3217 503 3270 fit
512 3236 571 3270 cur·
615 3218 739 3288 atneptis,
752 3221 864 3289 εἰλικρινῆ
874 3221 971 3288 χρυσόν.
987 3221 1070 3283 citat,
1081 3237 1129 3271 ne-

69 3313 105 3350 ms
112 3300 155 3352 ille
163 3299 281 3370 gravior,
287 3311 313 3350 et
321 3317 403 3368 quum
410 3297 493 3366 magis
501 3297 571 3350 lente
614 3317 746 3370 quaquam
756 3298 911 3355 luculenter,
923 3299 973 3349 nisi
985 3311 1074 3350 nostra
1083 3297 1128 3348 be-

70 3378 201 3445 procedat,
221 3378 336 3448 longiori
353 3390 473 3447 tempore
492 3374 572 3429 durat
613 3379 703 3430 bascat
718 3378 800 3442 acies,
814 3375 957 3428 Pindarum
975 3379 1054 3429 Nem.
1071 3372 1139 3435 Eia.

71 3455 426 3522 nox,seriusdiesrelucet‚
441 3456 571 3526 Apolline
616 3465 649 3522 Δ,
669 3456 849 3526 ἀντιστρ.κώλ.
865 3450 1013 3526 ιγ’,νε.3;
1038 3448 1128 3526 ὁχρυ-

72 3534 128 3589 circa
141 3536 214 3589 aliud
225 3555 322 3589 munus
335 3547 473 3605 occupato.
485 3535 571 3588 Nimis
616 3538 657 3596 σὸς
673 3537 787 3606 ἑψόμενος
803 3533 887 3606 atita
902 3531 993 3598 ἔδειξεν
1005 3536 1117 3597 ἁπάσας,

72 3609 248 3691 leviterftotum
259 3616 312 3669 boc
325 3616 402 3667 vertit
412 3615 520 3684 gallicus
534 3615 573 3666 in·
658 3615 724 3669 322.
748 3618 837 3676 Lutea;
850 3616 925 3667 color
939 3615 983 3667 ille
997 3617 1127 3687 sponsali-

74 3703 142 3764 terpr.
152 3715 200 3748 nec
211 3696 258 3748 ubi
269 3696 296 3747 in
308 3708 382 3748 textu
399 3694 497 3747 viderit
512 3712 571 3764 quae
615 3696 869 3748 bussolemniserat.
878 3696 1007 3749 *Socra
1017 3696 1092 3749 Idem
1103 3711 1130 3750 et

75 3775 170 3838 profert,
180 3775 332 3828 discernere
341 3791 498 3846 possumus:
513 3801 523 3821 ι
535 3775 572 3826 La
617 3793 703 3826 unum
712 3776 917 3828 calceamentum
927 3766 1129 3830 iudicarenobis
1159 3814 1170 3836 ⁴

28 3906 31 3925 Ι
77 3852 123 3904 nuit
133 3855 172 3907 u'a
185 3856 247 3926 plus
259 3855 285 3905 la
299 3853 384 3906 durde
397 3872 449 3926 que
462 3855 499 3905 lui
509 3853 574 3905 don·
617 3853 742 3906 videntur
756 3872 848 3907 versus
860 3855 905 3906 ille
928 3870 953 3909 et
967 3855 1129 3926 praecedens.

78 3946 103 3982 ua
115 3933 139 3984 le
157 3933 242 3988 destin
259 3937 379 4006 :frappde
392 3935 422 3986 de
442 3935 525 3985 l'e'alat
540 3934 574 3984 du
618 3937 720 3985 Aurum
728 3932 794 3986 illud
802 3933 967 4000 distinctum,
977 3950 1131 3989 soccuserat

79 4007 187 4076 dumella
198 4013 330 4084 s’abrege3
341 4027 367 4066 et
377 4015 401 4066 le
410 4016 471 4084 jour
480 4013 574 4066 sabate
620 4014 666 4082 qui
680 4013 758 4066 luteis
773 4014 858 4065 fasciis
869 4014 992 4084 religatus
1009 4030 1072 4067 erat.
