2632 4814
51 476 55 485 Ι
120 389 144 459 a
215 344 219 463 [
413 395 898 467 annumerans*

246 521 349 588 Vacat
370 517 546 602 immunis,
568 540 634 610 qua
655 521 786 587 curvati

239 629 355 696 Litora
374 628 471 720 ponti
489 628 618 698 Sunion
637 644 744 723 urget.
803 720 806 726 Ι

240 739 275 806 si
296 762 395 831 quern
417 739 523 830 tangit
542 736 648 832 gloria
665 737 776 823 silvae,

241 851 350 916 Vocat
368 847 459 917 hunc
478 845 640 941 Phlyeus3
663 849 719 918 hic
738 865 891 918 versatur

240 959 353 1026 Metus
372 954 548 1052 agricolis,
567 957 704 1028 vulnere
721 956 829 1027 multo

238 1070 314 1136 iarn
330 1082 429 1136 notus
447 1092 539 1162 aper.
563 1071 607 1139 At
625 1094 684 1141 vos
703 1067 793 1137 laxas

240 1178 389 1246 Canibus
409 1178 518 1247 tacitis
533 1179 657 1248 mittite
674 1178 832 1247 habenas.

241 1291 393 1357 Teneant
411 1313 503 1357 acres
524 1287 596 1359 lora
611 1287 793 1372 Molossos,

240 1400 283 1466 Et
306 1423 474 1492 pugnaces
490 1398 630 1467 tendant
648 1402 767 1468 Cretes

241 1511 354 1576 Fortia
378 1509 458 1576 trito
476 1505 610 1576 vincula
629 1506 728 1577 collo.

237 1617 282 1684 At
301 1619 483 1711 Spartanos
500 1614 627 1709 (genus
643 1633 694 1686 est
711 1616 821 1685 audax
1168 1647 1193 1684 ss

118 1758 267 1813 Titanidem
279 1757 391 1824 (lictum,
401 1759 447 1811 ubi
454 1760 573 1813 Theseus
584 1761 636 1821 He·
676 1758 721 1820 6ης
733 1765 744 1812 ὁ
758 1761 861 1826 Φλυεὺς;
871 1759 943 1813 Vide
955 1760 1064 1813 Meursii
1077 1763 1193 1833 populos

119 1839 207 1892 lenam
231 1851 333 1908 raptam
359 1838 511 1891 occultavit.
529 1839 634 1903 Nomen
676 1839 1043 1904 Atticae.Gaou.—-Hic,in
1056 1839 1192 1907 hacsilra.

121 1918 251 1990 accepite
269 1917 367 1970 Thesei
382 1917 470 1981 socio,
492 1917 635 1990 Aphidno,
719 1937 762 1987 ²9·
777 1919 858 1971 Metus
870 1920 1003 1989 agricolis,
1014 1933 1064 1973 etc.
1078 1921 1119 1974 Cf.
1132 1938 1194 1974 cum

118 1996 153 2051 de
172 2017 226 2069 quo
247 1997 383 2051 Plutarch.
396 2000 423 2050 in
437 1998 519 2051 Thes.
532 1997 573 2051 ed.
589 2000 633 2052 cit.
676 2017 743 2070 apro
757 1997 916 2070 Calydonis,
930 1998 1010 2052 Ovid.
1026 2000 1090 2053 Met.
1107 2001 1192 2070 Epist.

119 2096 148 2148 p.
161 2078 205 2131 15.
214 2075 278 2129 Vid.
286 2076 368 2130 Diod.
381 2078 434 2132 Sic.
446 2078 556 2142 lib.1v,
573 2098 633 2149 cap.
676 2080 743 2144 XX,
763 2097 825 2131 101.
838 2111 877 2121 —
890 2079 994 2130 Vulnere
1005 2080 1096 2143 multo,
1113 2079 1193 2145 dato,

118 2175 209 2222 mut
233 2156 344 2221 Pausan,
359 2158 388 2210 in
401 2156 486 2222 Attio.
503 2170 528 2210 et
546 2158 634 2215 Strab.
676 2177 782 2230 sparso,
801 2158 829 2210 ni
847 2158 981 2224 fallimur,
1003 2158 1093 2230 potius
1113 2178 1192 2230 quam

120 2236 170 2290 lib.
184 2236 242 2301 tx,
257 2235 373 2303 Achaia,
385 2235 427 2290 ed.
441 2237 485 2290 cit.
496 2256 556 2309 pag.
569 2240 634 2306 396.
678 2250 797 2309 accepto.
812 2238 965 2309 Utrumque
983 2231 1114 2308 proponit
1138 2258 1195 2291 sen·

122 2315 273 2388 Stephanus
300 2313 379 2370 docet
406 2315 558 2388 Aphidnam
582 2317 635 2369 dif·
678 2338 737 2371 sum
751 2317 914 2383 lt'arnahius3
930 2318 1048 2389 priorem
1062 2319 1193 2390 interpres

123 2397 193 2449 ferre
216 2395 249 2447 ab
264 2395 405 2466 Aphidnis.
431 2427 470 2438 -
492 2396 557 2449 Pars
579 2397 637 2462 ilia,
678 2398 794 2468 gallicus.

122 2474 191 2528 adde
204 2501 215 2524 ι
226 2474 310 2540 ruris,
322 2494 489 2546 camporum.
500 2478 635 2541 ·-Dta,
721 2477 764 2530 3ο.
772 2476 818 2529 At.
827 2477 959 2529 Particula
969 2476 1136 2548 quaindicat,
1146 2497 1194 2548 pen

121 2553 290 2636 jamdudum.
679 2556 770 2628 gloriae
783 2573 902 2609 amorem
916 2575 971 2610 non
984 2556 1194 2626 prohibendum,

128 2630 130 2637 '
166 2636 212 2688 25.
222 2635 350 2696 Immanis,
361 2651 375 2684 a
386 2647 475 2687 nostra
487 2635 637 2690 venatione.
681 2628 747 2707 quin
759 2648 870 2688 caveant
881 2648 906 2688 et
919 2635 1063 2705 prudentes
1074 2637 1134 2689 sint.

165 2718 210 2766 26.
225 2715 317 2778 Ponti,
330 2712 411 2766 scilic.
427 2716 518 2785 AEgaei.
536 2747 576 2758 -
589 2712 637 2767 Su·
724 2716 770 2768 31.
786 2716 886 2769 Tacitis.
909 2716 970 2796 Nop
984 2717 1080 2786 argutis
1093 2715 1193 2769 clamo·

123 2793 416 2856 aioaPrornoutorium
426 2793 638 2866 Atticae,dequo
679 2794 761 2859 siste,
773 2806 801 2846 ut
815 2807 877 2847 sunt
891 2795 1009 2847 Molossi.

124 2873 292 2943 Pomponius
303 2872 387 2936 Mela,
400 2872 539 2927 tib.11.-
549 2875 640 2944 Urget,
723 2874 768 2926 3².
781 2877 857 2926 Acras
866 2875 994 2927 Molossos.
1006 2872 1087 2926 Aliud
1099 2893 1196 2927 canum

124 2953 235 3025 proprie
255 2950 358 3004 dictum
380 2951 414 3006 de
436 2953 638 3022 promontorio;
680 2972 765 3025 genus
781 2954 831 3006 alia
846 2955 971 3025 qualitate
988 2952 1116 3032 designat.
1130 2955 1194 3024 Epi·

125 3052 208 3104 quum
222 3031 323 3083 Sunion
334 3030 441 3103 longius
452 3051 508 3084 sese
517 3033 544 3084 in
555 3033 639 3084 altum
681 3033 759 3086 rotici
774 3052 851 3086 canes
862 3047 924 3085 sunt
935 3033 1044 3085 Molossi
1061 3034 1107 3105 qui
1121 3033 1195 3087 fortis

124 3111 357 3182 provehat,maris
367 3111 500 3164 secircum
510 3110 640 3165 flectentis
683 3111 776 3164 tudine
790 3112 947 3176 laudantur,
964 3124 994 3164 ut
1011 3113 1134 3183 Spartani
1149 3133 1195 3168 seu

124 3193 201 3244 litora
214 3202 298 3260 urget,
316 3189 412 3255 idest,
431 3204 582 3260 promovet,
596 3192 639 3243 vel
681 3193 815 3256 Lacones,
825 3192 973 3245 velocitate.
987 3193 1075 3244 Faus.

96 3290 99 3297 ·
124 3283 288 3335 summovet,
303 3282 333 3322 ut
343 3271 381 3322 ait
394 3271 535 3336 Horatius,
549 3272 638 3324 carm.
724 3271 760 3324 33
774 3291 812 3341 sq.
829 3272 1011 3341 Etpngaaces,
1029 3283 1078 3325 etc.
1098 3271 1196 3324 Sensus

124 3353 166 3415 11,
184 3350 238 3405 Od.
249 3368 337 3414 xv111,
354 3368 397 3402 20.
682 3362 721 3403 est
729 3368 735 3402 :
743 3362 768 3402 et
777 3370 855 3405 canes
865 3352 970 3416 Cretes,
982 3370 1064 3422 genus
1075 3370 1195 3421 pugnax,

168 3449 212 3500 27.
233 3428 263 3482 Si
280 3449 347 3500 quem
369 3431 450 3498 tangit
467 3429 639 3500 gioriasilroe.
681 3428 807 3494 tendant,
825 3430 984 3494 extendant,
1008 3430 1121 3483 venandi
1147 3433 1198 3482 ini-i

125 3509 265 3579 intellige:
282 3533 293 3554 ι
305 3508 333 3561 si
348 3527 427 3579 quem
443 3509 525 3580 tangit
539 3527 569 3561 ea
583 3509 638 3579 glo·
681 3510 813 3580 patientes
829 3512 975 3576 excutiant,
994 3509 1100 3562 vincula
1119 3511 1198 3563 fortia

124 3591 163 3648 ria
176 3607 234 3659 quar
245 3588 274 3640 in
287 3587 373 3652 silvis,
392 3587 420 3641 id
440 3600 492 3654 est,
509 3589 536 3640 in
555 3607 637 3645 vena·
682 3590 780 3661 quibus
793 3589 890 3642 teritur
904 3590 1026 3660 ipsorum
1043 3590 1152 3643 collum.

125 3669 199 3722 tione
217 3667 332 3719 silvatica
347 3681 432 3736 potest
446 3669 606 3739 comparari.
623 3693 634 3714 ι
724 3668 769 3721 35.
784 3671 828 3720 Aa
840 3668 995 3740 Opponitur
1006 3669 1122 3722 lihertati
1138 3688 1197 3741 quae

169 3749 213 3801 28.
228 3746 342 3817 Phlyeus.
357 3747 384 3797 Is
397 3742 477 3817 δῆμος
492 3753 536 3808 τῆς
545 3753 638 3800 Πτολε·
681 3747 712 3800 fit
734 3745 957 3819 precedentibus.
984 3781 1024 3790 --
1052 3747 1197 3818 Spartanos.

127 3822 219 3904 palice
235 3829 322 3897 φυλῆς,
334 3837 363 3876 ut
382 3825 548 3896 Hesychius,
565 3827 638 3887 ἣτῆς
682 3828 806 3899 Spartani
820 3847 865 3880 seu
878 3828 1004 3880 Laconici
1014 3847 1090 3880 canes
1099 3830 1133 3881 ab
1143 3828 1197 3880 Eu·

125 3902 340 3977 tentatorem
355 3904 556 3975 Harpocration.
576 3906 637 3957 Ari·
682 3907 793 3969 stathio,
814 3906 973 3960 Aristaeneto
998 3908 1024 3958 in
1054 3907 1198 3976 Epistolis,

66 3976 72 3991 ⁸
125 3984 327 4056 stoph.Vespis,
340 3996 389 4036 act.
398 3986 425 4048 1,
438 4003 473 4036 sc.
484 4003 534 4048 ιη,
549 3988 588 4038 ναί
603 3985 635 4037 5:
682 3985 808 4057 Oppiano
825 3999 851 4038 et
867 3986 1026 4040 Nemesiano
1039 3986 1067 4038 in
1079 3988 1198 4058 Cynege-

125 4061 258 4137 Εὐεργίδης
274 4055 313 4134 ἄρ’
324 4062 377 4116 issi
387 4068 435 4116 ast
446 4063 566 4121 'eraut'i
581 4065 637 4117 Xai·
681 4064 755 4130 ticis,
773 4065 839 4130 105,
854 4066 951 4136 Virgil.
964 4065 1063 4137 Georg.
1077 4067 1134 4132 111,
1147 4072 1195 4132 44,
