2632 4814
319 390 560 470 OPTIMO
586 387 870 469 LECTORI

125 582 431 641 BIBLIOTHECAE
450 582 886 642 LATINO-CLASSICAE‘
900 583 1079 641 emron

513 751 546 816 S.
570 751 607 815 P.
629 752 672 816 D.

457 917 747 946 ψ-

87 998 190 1117 Ecca
214 1045 356 1116 alterum
376 1049 509 1117 Senecae
529 1045 664 1140 Tragici
688 1042 846 1113 volumen
865 1044 999 1139 prodit,
1024 1047 1132 1117 amice

84 1149 184 1245 lector²
200 1158 258 1227 sed
279 1182 349 1227 non
369 1157 411 1227 ab
435 1155 552 1225 eadem
574 1180 677 1225 manu
695 1154 903 1249 profectum,
922 1160 989 1250 q'ua
1011 1150 1131 1251 prius:

83 1286 166 1360 neque
177 1284 227 1341 est
241 1268 336 1363 quod
352 1284 391 1337 tu
405 1265 541 1337 doleas:
557 1266 646 1336 idem
659 1266 749 1336 enim
764 1266 799 1333 in
814 1280 959 1359 utroque
978 1268 1132 1362 proposi·

81 1386 151 1466 un,
162 1380 277 1451 eadem
291 1380 395 1467 ratio,
409 1376 534 1448 similes
548 1378 671 1472 copiae,
686 1402 748 1472 par
759 1374 951 1470 diligentia:
967 1393 1135 1448 mutatum

79 1486 120 1557 rix
129 1492 226 1561 sensit
240 1492 395 1585 aurigam
411 1489 579 1559 immissus
602 1489 682 1559 dato
699 1488 808 1582 spatio
831 1512 969 1575 currus;
994 1489 1042 1557 ita
1064 1489 1133 1582 pri·

76 1618 150 1667 num
166 1601 298 1670 munita
318 1600 425 1670 viaet
443 1599 664 1694 complanata
679 1598 816 1669 salebrae
837 1598 990 1669 fuerant!
1014 1599 1136 1669 Praeci-

23 1724 26 1735 '
72 1728 141 1799 puas
155 1711 259 1805 igitur
277 1726 387 1805 grates
400 1736 465 1805 ago
482 1711 657 1804 habeoque
675 1709 765 1779 docti
782 1723 816 1778 et
830 1708 992 1803 elegantis
1006 1709 1133 1804 ingenii

71 1817 147 1907 tiro,
160 1826 227 1917 qui
240 1820 332 1891 bene
349 1826 475 1918 carpit:
492 1821 674 1915 praesertim
689 1844 795 1913 quum
810 1845 880 1888 non
895 1819 1010 1891 volens
1029 1845 1136 1891 cessa-

66 1931 156 2017 verit,
174 1931 233 2000 sed
255 1931 400 2025 quadam
415 1932 448 2000 vi
465 1931 610 2000 maxima
630 1930 732 1998 fuerit
751 1929 931 1999 distractus
949 1930 1133 2003 aliorsum:

63 2033 111 2105 ille
123 2054 173 2109 est
185 2039 306 2112 Julius
315 2045 596 2134 Prann0r‚quem
610 2039 738 2109 meritis
750 2039 956 2110 cumularem
966 2040 1133 2129 laudibus,

59 2148 119 2219 nisi
136 2149 340 2244 jampridem
361 2150 525 2246 collegam
542 2165 576 2221 et
598 2151 742 2231 amicum
762 2150 886 2219 babere
902 2153 1133 2246 superbirem:

57 2284 200 2355 namque
213 2276 307 2330 tomo
321 2262 434 2355 priore
448 2286 558 2355 nuper
571 2261 664 2329 edito
673 2314 682 2348 ,
692 2259 830 2354 jamjam
845 2260 888 2329 ad
903 2261 996 2330 hunc
1008 2265 1135 2356 pariter

55 2370 289 2441 adornandum
304 2397 374 2441 sese
389 2373 598 2459 accinxerat,
609 2397 714 2465 quum
729 2386 867 2464 repente
880 2396 898 2439 a
914 2373 1053 2466 privatis
1067 2389 1134 2444 stu·

54 2480 117 2548 diis
132 2481 176 2548 ad
188 2480 323 2575 publica
341 2496 477 2551 vocatus
492 2481 622 2566 officia,
636 2497 669 2551 et
684 2481 951 2551 arlministrando
964 2483 1130 2554 Ludovici

54 2592 172 2684 Magni
195 2593 380 2687 Gymnasio
402 2592 620 2686 praepositus,
651 2591 752 2685 ionga
779 2589 1004 2660 difficiliorem
1025 2618 1132 2687 eoque

45 2699 256 2775 nobiliorem
268 2703 413 2796 suscepit
423 2701 643 2795 provinciam.
654 2701 723 2775 Ubi
737 2718 811 2773 tum
825 2699 1018 2769 meditantis
1027 2702 1132 2770 animi

53 2811 175 2906 quies?
199 2813 258 2881 ubi
284 2812 504 2908 ponderantis
529 2811 656 2906 ingenii
685 2812 818 2879 otium?
843 2809 989 2880 Valeant
1013 2810 1135 2883 dulces

52 2937 139 2992 ante
157 2927 281 2993 omnia
293 2927 415 3009 Musae3
438 2919 603 2991 lacessant
621 2920 696 2990 libri
717 2920 804 3015 typis
820 2920 1027 3009 excutiendi:
1050 2924 1135 2992 utile

55 3028 156 3103 dulci
172 3031 380 3125 praeferatur,
399 3031 463 3101 nisi
479 3031 571 3100 bono
592 3033 713 3124 cuique
730 3028 976 3101 dulcissimum
991 3031 1027 3099 id
1042 3033 1135 3126 quod

52 3138 207 3235 pluribus
221 3141 306 3213 utile
315 3156 376 3213 est.
386 3146 477 3236 Ergo
485 3166 591 3236 quum
599 3166 662 3210 nec
673 3155 796 3234 posset,
809 3165 871 3210 nec
884 3140 982 3210 vellet
992 3142 1134 3211 eximius

53 3251 105 3318 vir
117 3253 289 3321 remittere
302 3251 431 3346 aliquid
445 3252 584 3323 decusis
597 3242 682 3346 quas
694 3277 842 3345 operosae
858 3251 977 3320 domus
992 3253 1136 3346 negotiis

54 3374 88 3428 et
105 3360 245 3431 Gallica:
258 3362 430 3455 juventuti
446 3360 626 3431 liberaliter
642 3361 853 3431 instituenda:
870 3359 1070 3450 devoverat:
1081 3389 1135 3433 me

54 3493 135 3541 vero
156 3471 374 3543 Bibliothecae
396 3472 498 3567 hujus
523 3471 799 3543 latino-classicae
825 3471 1046 3540 architectum
1076 3499 1135 3543 ne·.

56 3582 192 3651 cessitas
214 3582 414 3677 imponendi·
433 3608 533 3676 quam
556 3581 873 3656 citissimeaedificio
895 3596 990 3652 tanto
1012 3582 1134 3679 fastigii

58 3707 209 3784 urgeret;
219 3707 300 3762 tunc
312 3718 376 3787 ego
391 3691 523 3763 relictas
533 3694 575 3761 ab
590 3691 648 3761 illo
663 3707 792 3786 partes,
805 3689 877 3759 aliis
892 3690 1135 3785 professoribus

58 3824 125 3867 non
141 3803 254 3873 minus
273 3801 380 3873 doctis
399 3802 568 3897 delegavi,
580 3828 726 3896 quorum
743 3801 910 3897 peculiare
929 3803 994 3872 hoc
1011 3828 1135 3876 munus

58 3907 135 3995 fuit,
149 3936 192 3979 ne
204 3913 275 3980 sine
289 3937 390 3981 causa
406 3911 612 3981 discederent
627 3937 646 3980 a
660 3913 830 4006 prioribus
847 3912 1009 4006 remigiii,
1022 3914 1080 3983 sed
1095 3930 1132 3982 ut

59 4017 230 4090 clarissimi
251 4023 459 4117 praecessoris
480 4021 656 4090 consilium
680 4039 892 4116 mentemque
909 4038 1063 4116 prompta
1084 4049 1134 4091 se-

62 4126 353 4203 dulitatemecum
377 4132 622 4204 continuarent.
