2632 4814
336 384 679 455 HIPPOLYTUS.
705 384 813 453 ACT.
839 384 864 450 Ι.
1087 372 1133 443 23

111 509 177 579 Sed
192 533 289 604 posse
303 507 392 577 flecti
410 507 588 600 conjugem
605 504 726 574 iratum
741 517 840 599 putn3

112 619 199 710 Quis
216 619 320 712 hujus
334 617 484 686 animum
501 615 612 684 flectet
630 611 898 683 intractabilem?

112 733 244 798 Exosus
263 752 364 796 omne
381 726 514 796 femine
532 749 653 798 nomen
677 723 782 818 fugin
809 742 813 753 ·

114 837 260 905 Immitis
281 860 387 905 annos
405 833 511 907 crelibi
529 835 606 903 vitm
625 832 732 918 dicat3

112 943 293 1012 Connubia
311 944 392 1014 vitat
408 969 416 1012 :
432 966 538 1037 genus
550 943 770 1013 Amazonium
789 942 883 1012 scias.

113 1079 172 1124 ru.
190 1055 344 1123 Huncin
366 1053 473 1122 nivosi
493 1051 587 1123 collis
606 1053 785 1122 haerentem
798 1052 907 1147 jugis,

112 1167 156 1232 Et
173 1188 291 1259 aspera
306 1161 385 1258 agili
403 1188 490 1273 sara
498 1162 680 1234 calcantem
700 1162 802 1257 pede,

113 1275 216 1368 Sequi
235 1273 379 1369 peralta
398 1298 556 1360 nemora,
575 1298 635 1367 per
652 1287 802 1358 montes,
818 1271 935 1366 placet.
1099 1288 1136 1327 ¹³⁵

113 1409 219 1455 nuru.
235 1386 379 1456 Resistet
398 1382 474 1471 ille,
492 1408 592 1478 seque
613 1382 829 1454 mulcendum
849 1381 963 1466 dabit,

82 1497 297 1590 -Castosque
316 1496 400 1565 ritus
414 1499 546 1565 Venere
564 1519 633 1563 non
652 1508 742 1564 casta
763 1489 887 1563 exuet?

113 1604 189 1673 Tibi
206 1619 310 1698 ponet
324 1604 458 1689 odium,
475 1604 571 1696 cujus
587 1604 666 1672 odio
683 1604 822 1673 forsitan

112 1715 330 1807 Persequitur
348 1715 486 1784 omnes?
499 1738 559 1785 m.
572 1714 731 1782 Precibus
746 1713 836 1782 haud
851 1713 946 1781 vinci.
958 1714 1097 1805 potestl·

112 1848 217 1892 nuru.
231 1827 334 1893 Ferus
348 1824 411 1893 est?
421 1848 481 1894 ru.
494 1827 618 1896 Amore
632 1822 809 1892 didicimus
824 1821 913 1890 vinci
929 1821 1028 1891 feros,
1094 1847 1132 1889 ato

113 1960 222 2005 uurn.
243 1935 373 2029 Fugiet.
394 1958 451 2004 Pu.
473 1936 535 2002 Per
551 1935 621 2028 ipsa
639 1935 763 2018 maria,
785 1933 812 2001 si
829 1930 957 2027 fugiat,
979 1957 1109 2026 sequar.

113 2068 222 2114 nuru.
239 2046 348 2114 Patris
363 2057 541 2112 memento.
562 2067 621 2114 en.
639 2043 857 2112 Meminimus
876 2042 991 2112 matris
1008 2042 1118 2113 simul.

112 2140 220 2224 nuru.
241 2157 360 2225 Genus
377 2178 477 2223 omne
491 2153 652 2248 profugit.
667 2177 726 2224 eu.
745 2150 878 2221 Pellicis
897 2176 993 2221 careo
1007 2167 1109 2222 metu.

107 2347 176 2399 228.
186 2344 398 2408 Pueamdmitte.
624 2370 661 2404 nu
674 2349 795 2421 Spicula:
808 2360 934 2421 tanquam
949 2350 1006 2402 haec
1019 2348 1072 2402 eint
1084 2366 1139 2402 no·

105 2442 171 2492 ²²9·
182 2425 282 2495 Hujus,
297 2427 448 2499 Hippolyti.
624 2431 673 2484 etri
688 2429 821 2483 medicina
834 2430 964 2482 furoris.»

106 2503 169 2560 230.
181 2505 280 2557 Exosus
286 2544 295 2570 ,
309 2525 360 2559 vox
369 2509 525 2576 generaliter
537 2508 580 2563 di·
666 2511 731 2566 236.
751 2511 862 2562 Resistet.
883 2508 1032 2571 consistet,
1051 2507 1138 2560 subsi-

62 2595 119 2647 cta;
138 2582 203 2636 odio
217 2586 329 2655 plenus,
349 2585 579 2644 odio-instinctus.
624 2602 683 2643 stet.
692 2591 735 2643 Cf.
744 2589 778 2642 de
793 2589 843 2643 hac
854 2589 992 2641 locutione
1007 2587 1137 2641 Schuetz.

63 2662 165 2715 Similia
180 2666 298 2736 reperias
318 2666 389 2738 apud
400 2668 580 2740 Hippolytum
624 2668 658 2723 ad
669 2670 738 2722 Plin.
749 2671 845 2739 Paneg.
859 2669 898 2732 X,
913 2676 942 2733 tls

64 2742 222 2814 Euripidis,
240 2757 292 2798 act.
306 2745 333 2810 I,
349 2765 385 2800 er.
398 2765 418 2799 1.
666 2748 731 2819 ²37·
746 2749 839 2801 Venere
850 2767 898 2799 nen
912 2758 995 2807 casta,
1010 2745 1092 2813 scilic.
1107 2757 1137 2799 ut

106 2824 171 2877 232.
186 2823 270 2877 Genus
280 2825 444 2879 Amazonium
459 2833 530 2883 scias.
545 2832 579 2883 Τὸ
624 2847 741 2882 amorem
756 2829 883 2881 incestum
895 2828 993 2880 foreat.

64 2905 124 2954 scias
135 2922 188 2974 pro
204 2930 215 2952 ι
225 2923 321 2959 revoca
338 2907 366 2958 in
377 2909 551 2973 memoriam,
563 2935 575 2966 s
667 2907 731 2961 238.
741 2907 798 2960 Tibi
802 2920 889 2978 ponet,
900 2919 950 2960 ete.
960 2907 1031 2975 Lege
1040 2923 1089 2975 per
1096 2905 1138 2958 in·

66 2983 150 3052 accipi
160 2981 393 3039 debet-Genus
405 2987 577 3051 Amazonium,
623 2987 841 3058 terrogatiouem.
866 2988 897 3039 In
923 2998 996 3039 tuam
1026 2985 1137 3055 gratiam

66 3074 156 3114 natum
171 3081 227 3115 esse
247 3064 320 3118 hunc
338 3083 370 3117 ex
381 3065 534 3133 Amazonem
553 3081 580 3122 et
624 3065 742 3137 deponet
753 3065 866 3132 odium,
881 3067 957 3137 cujus
976 3063 1137 3135 superindu-

67 3154 95 3193 ut
109 3142 260 3197 Amazones
276 3143 348 3199 viros
359 3159 528 3212 aversantur,
544 3148 580 3201 ita
624 3159 672 3200 ctae
683 3165 817 3211 novercae,
831 3146 914 3198 veluti
926 3145 1080 3198 matrissuae
1090 3164 1138 3197 ne·

67 3219 135 3273 hunc
148 3222 293 3276 abhorrere
310 3243 324 3276 a
340 3225 455 3278 feminis.
547 3256 549 3260 ·
625 3226 662 3278 cis
672 3245 769 3291 carum,
785 3226 905 3289 ratione,
919 3223 1034 3277 fortassis
1046 3236 1073 3276 et
1085 3242 1137 3277 cm·

107 3300 174 3354 233.
185 3302 276 3364 Hunc,
290 3301 581 3375 Hippolytum—Ha·
626 3316 694 3359 teras
715 3325 807 3369 omnes
824 3317 974 3358 exsecratur
989 3303 1136 3357 mulieres?

70 3392 168 3447 notem,
182 3382 300 3435 venandi
311 3382 408 3438 studio.
623 3385 746 3438 Fanum.

108 3460 174 3514 235.
194 3461 270 3533 Sequi
281 3483 328 3534 per
339 3463 406 3529 alta,
427 3476 477 3517 etc.
488 3465 580 3535 placet.
664 3472 729 3528 ala.
743 3466 839 3526 Patris,
854 3463 909 3526 tni;
926 3480 1007 3532 quem
1025 3479 1071 3514 sua
1087 3461 1138 3515 tibi

71 3536 168 3592 Similia
194 3541 392 3611 propemodum
414 3545 531 3615 reperias
550 3546 579 3597 in
623 3543 799 3597 reverendum
807 3539 1092 3613 reformidandumque
1100 3542 1140 3595 ef·
1219 3559 1240 3568 “

71 3617 164 3691 virgil.
180 3621 274 3690 Eclog.
294 3624 333 3687 X,
347 3623 383 3678 56
396 3641 403 3676 :
417 3628 494 3675 ‹Aut
508 3643 580 3678 acres
623 3625 706 3677 licere
719 3624 817 3676 debent
839 3635 865 3674 et
878 3621 977 3692 justitia
993 3634 1020 3674 et
1041 3622 1138 3674 sancti·

72 3701 184 3753 venabor
204 3719 302 3772 apros:
315 3722 370 3754 non
384 3722 427 3755 me
441 3703 494 3755 nlla
508 3718 579 3757 vem·
624 3717 663 3757 tas
673 3703 810 3755 austerior.
826 3733 865 3743 -
877 3702 983 3766 Macro,
993 3721 1051 3773 quae
1063 3702 1137 3756 nefa·

34 3794 38 3807 ’
73 3776 134 3831 hunt
156 3779 268 3850 Frigora
291 3782 447 3836 Parthenios
470 3784 581 3838 canibus
624 3784 666 3837 rio
676 3802 767 3835 amore
783 3782 910 3853 peccavit.

73 3857 233 3912 circumdare
253 3861 342 3915 saltus.
361 3863 421 3914 Jam
443 3862 508 3915 mihi
532 3882 581 3934 per
667 3862 732 3925 243.
750 3861 834 3915 Genus
848 3882 923 3914 omne.
937 3861 1038 3914 Omnes
1062 3861 1138 3914 femi·

74 3938 585 4011 rupesvideorluooequesonantesIret·
625 3961 681 3997 nas.
695 3974 735 3986 -
752 3942 884 4011 Profugit,
905 3942 984 4011 longe
1004 3942 1087 4005 vitat;
1111 3953 1138 3993 et
1221 3964 1224 3969 ·

76 4013 133 4070 libet
142 4020 240 4074 Partho
252 4032 379 4090 torquere
392 4022 515 4094 Cydonia
525 4041 584 4077 cor·
626 4024 735 4094 plueret
745 4023 909 4093 quemsugit.
919 4021 1074 4086 -Petttcis,
1087 4032 1136 4071 etc.

952 4115 990 4186 24
