<?xml version="1.0" encoding="UTF-8"?>
<!DOCTYPE html PUBLIC "-//W3C//DTD XHTML 1.0 Transitional//EN"
    "http://www.w3.org/TR/xhtml1/DTD/xhtml1-transitional.dtd">
<html xmlns="http://www.w3.org/1999/xhtml" xml:lang="en" lang="en">
 <head>
  <title>
</title>
<meta http-equiv="Content-Type" content="text/html;charset=utf-8" />
  <meta name='ocr-system' content='tesseract 3.04.00' />
  <meta name='ocr-capabilities' content='ocr_page ocr_carea ocr_par ocr_line ocrx_word'/>
</head>
<body>
  <div class='ocr_page' id='page_1' title='image "bibliothecaclas48lemagoog_0032.png"; bbox 0 0 2632 4814; ppageno 0'>
   <div class='ocr_carea' id='block_1_1' title="bbox 331 367 866 436">
    <p class='ocr_par' dir='ltr' id='par_1_1' title="bbox 331 367 866 436">
     <span class='ocr_line' id='line_1_1' title="bbox 331 367 866 436; baseline -0.007 0"><span class='ocrx_word' id='word_1_1' title='bbox 331 367 674 436; x_wconf 87' lang='lat' dir='ltr'><strong>HIPPOLYTUS.</strong></span> <span class='ocrx_word' id='word_1_2' title='bbox 703 368 811 436; x_wconf 84' lang='lat' dir='ltr'><strong>AGT.</strong></span> <span class='ocrx_word' id='word_1_3' title='bbox 839 368 866 433; x_wconf 90' lang='lat'><strong>1.</strong></span> 
     </span>
    </p>
   </div>
   <div class='ocr_carea' id='block_1_2' title="bbox 91 486 1233 1783">
    <p class='ocr_par' dir='ltr' id='par_1_2' title="bbox 111 486 962 779">
     <span class='ocr_line' id='line_1_2' title="bbox 113 486 901 583; baseline -0.004 -24"><span class='ocrx_word' id='word_1_4' title='bbox 113 492 164 576; x_wconf 85' lang='lat' dir='ltr'><strong>Si,</strong></span> <span class='ocrx_word' id='word_1_5' title='bbox 182 490 275 583; x_wconf 90' lang='lat' dir='ltr'><strong>quod</strong></span> <span class='ocrx_word' id='word_1_6' title='bbox 294 490 434 558; x_wconf 89' lang='lat' dir='ltr'><strong>maritus</strong></span> <span class='ocrx_word' id='word_1_7' title='bbox 454 513 576 582; x_wconf 84' lang='lat' dir='ltr'><strong>supera</strong></span> <span class='ocrx_word' id='word_1_8' title='bbox 594 513 664 558; x_wconf 92' lang='lat' dir='ltr'><strong>non</strong></span> <span class='ocrx_word' id='word_1_9' title='bbox 685 489 793 558; x_wconf 90' lang='lat' dir='ltr'><strong>cernit</strong></span> <span class='ocrx_word' id='word_1_10' title='bbox 812 486 901 575; x_wconf 88' lang='lat' dir='ltr'><strong>loca,</strong></span> 
     </span>
     <span class='ocr_line' id='line_1_3' title="bbox 114 598 962 683; baseline -0.002 -15"><span class='ocrx_word' id='word_1_11' title='bbox 114 603 240 668; x_wconf 88' lang='lat' dir='ltr'><strong>Tutum</strong></span> <span class='ocrx_word' id='word_1_12' title='bbox 257 624 327 668; x_wconf 92' lang='lat' dir='ltr'><strong>esse</strong></span> <span class='ocrx_word' id='word_1_13' title='bbox 348 599 477 668; x_wconf 85' lang='lat' dir='ltr'><strong>facinus</strong></span> <span class='ocrx_word' id='word_1_14' title='bbox 495 598 673 683; x_wconf 40' lang='lat' dir='ltr'><strong>credisset</strong></span> <span class='ocrx_word' id='word_1_15' title='bbox 690 623 831 668; x_wconf 90' lang='lat' dir='ltr'><strong>vacuum</strong></span> <span class='ocrx_word' id='word_1_16' title='bbox 851 612 962 683; x_wconf 82' lang='lat' dir='ltr'><strong>metu,</strong></span> 
     </span>
     <span class='ocr_line' id='line_1_4' title="bbox 111 709 795 779; baseline -0.001 -1"><span class='ocrx_word' id='word_1_17' title='bbox 111 714 212 779; x_wconf 87' lang='lat' dir='ltr'><strong>Erras</strong></span> <span class='ocrx_word' id='word_1_18' title='bbox 229 712 356 779; x_wconf 86' lang='lat' dir='ltr'><strong>:teneri</strong></span> <span class='ocrx_word' id='word_1_19' title='bbox 373 710 470 779; x_wconf 91' lang='lat' dir='ltr'><strong>crede</strong></span> <span class='ocrx_word' id='word_1_20' title='bbox 488 709 626 779; x_wconf 78' lang='lat' dir='ltr'><strong>Lethaeo</strong></span> <span class='ocrx_word' id='word_1_21' title='bbox 644 709 795 778; x_wconf 90' lang='lat' dir='ltr'><strong>abditum</strong></span> 
     </span>
    </p>

    <p class='ocr_par' dir='ltr' id='par_1_3' title="bbox 109 820 941 914">
     <span class='ocr_line' id='line_1_5' title="bbox 109 820 941 914; baseline -0.002 -26"><span class='ocrx_word' id='word_1_22' title='bbox 109 820 236 888; x_wconf 86' lang='lat' dir='ltr'><strong>Thesea</strong></span> <span class='ocrx_word' id='word_1_23' title='bbox 258 820 444 914; x_wconf 85' lang='lat' dir='ltr'><strong>profundo,</strong></span> <span class='ocrx_word' id='word_1_24' title='bbox 461 835 494 888; x_wconf 87' lang='lat' dir='ltr'><strong>et</strong></span> <span class='ocrx_word' id='word_1_25' title='bbox 510 820 812 912; x_wconf 84' lang='lat' dir='ltr'><strong>ferre&#39;perpetuam</strong></span> <span class='ocrx_word' id='word_1_26' title='bbox 823 822 941 913; x_wconf 83' lang='lat' dir='ltr'>Styga.</span> 
     </span>
    </p>

    <p class='ocr_par' dir='ltr' id='par_1_4' title="bbox 91 927 1233 1783">
     <span class='ocr_line' id='line_1_6' title="bbox 91 927 867 1024; baseline 0 -28"><span class='ocrx_word' id='word_1_27' title='bbox 91 977 93 979; x_wconf 93' lang='lat'>-</span> <span class='ocrx_word' id='word_1_28' title='bbox 111 929 205 1018; x_wconf 89' lang='lat' dir='ltr'><strong>Quid</strong></span> <span class='ocrx_word' id='word_1_29' title='bbox 227 927 302 1016; x_wconf 90' lang='lat' dir='ltr'><strong>ille,</strong></span> <span class='ocrx_word' id='word_1_30' title='bbox 319 927 385 998; x_wconf 89' lang='lat' dir='ltr'><strong>lato</strong></span> <span class='ocrx_word' id='word_1_31' title='bbox 402 930 507 997; x_wconf 86' lang='lat' dir='ltr'><strong>maria</strong></span> <span class='ocrx_word' id='word_1_32' title='bbox 526 930 584 1023; x_wconf 92' lang='lat' dir='ltr'><strong>qui</strong></span> <span class='ocrx_word' id='word_1_33' title='bbox 602 954 706 1024; x_wconf 84' lang='lat' dir='ltr'><strong>reguo</strong></span> <span class='ocrx_word' id='word_1_34' title='bbox 729 929 867 1022; x_wconf 84' lang='lat' dir='ltr'><strong>premit,</strong></span> 
     </span>
     <span class='ocr_line' id='line_1_7' title="bbox 111 1037 841 1133; baseline 0 -27"><span class='ocrx_word' id='word_1_35' title='bbox 111 1037 316 1132; x_wconf 91' lang='lat' dir='ltr'><strong>Populisque</strong></span> <span class='ocrx_word' id='word_1_36' title='bbox 333 1038 444 1106; x_wconf 84' lang='lat' dir='ltr'><strong>reddit</strong></span> <span class='ocrx_word' id='word_1_37' title='bbox 458 1040 536 1132; x_wconf 86' lang='lat' dir='ltr'><strong>jura</strong></span> <span class='ocrx_word' id='word_1_38' title='bbox 553 1041 705 1107; x_wconf 87' lang='lat' dir='ltr'><strong>&#39;centenis</strong></span> <span class='ocrx_word' id='word_1_39' title='bbox 724 1039 841 1133; x_wconf 76' lang='lat' dir='ltr'><strong>pater?</strong></span> 
     </span>
     <span class='ocr_line' id='line_1_8' title="bbox 112 1146 847 1218; baseline 0.001 -2"><span class='ocrx_word' id='word_1_40' title='bbox 112 1151 232 1217; x_wconf 82' lang='lat' dir='ltr'><strong>Latere</strong></span> <span class='ocrx_word' id='word_1_41' title='bbox 251 1164 382 1218; x_wconf 90' lang='lat' dir='ltr'><strong>tantum</strong></span> <span class='ocrx_word' id='word_1_42' title='bbox 404 1146 533 1217; x_wconf 89' lang='lat' dir='ltr'><strong>facinus</strong></span> <span class='ocrx_word' id='word_1_43' title='bbox 550 1148 720 1218; x_wconf 90' lang='lat' dir='ltr'><strong>occultum</strong></span> <span class='ocrx_word' id='word_1_44' title='bbox 739 1149 847 1217; x_wconf 80' lang='lat' dir='ltr'><strong>sinet?</strong></span> 
     </span>
     <span class='ocr_line' id='line_1_9' title="bbox 112 1259 940 1353; baseline -0.002 -27"><span class='ocrx_word' id='word_1_45' title='bbox 112 1261 221 1353; x_wconf 83' lang='lat' dir='ltr'><strong>Sagax</strong></span> <span class='ocrx_word' id='word_1_46' title='bbox 239 1273 414 1353; x_wconf 91' lang='lat' dir='ltr'><strong>parentum</strong></span> <span class='ocrx_word' id='word_1_47' title='bbox 435 1273 484 1326; x_wconf 89' lang='lat' dir='ltr'><strong>est</strong></span> <span class='ocrx_word' id='word_1_48' title='bbox 507 1282 605 1346; x_wconf 86' lang='lat' dir='ltr'><strong>cura;</strong></span> <span class='ocrx_word' id='word_1_49' title='bbox 632 1259 808 1327; x_wconf 82' lang='lat' dir='ltr'><strong>credamus</strong></span> <span class='ocrx_word' id='word_1_50' title='bbox 828 1273 940 1326; x_wconf 84' lang='lat' dir='ltr'><strong>tamen</strong></span> 
     </span>
     <span class='ocr_line' id='line_1_10' title="bbox 110 1367 866 1462; baseline -0.003 -24"><span class='ocrx_word' id='word_1_51' title='bbox 110 1374 197 1438; x_wconf 88' lang='lat' dir='ltr'><strong>Astu</strong></span> <span class='ocrx_word' id='word_1_52' title='bbox 220 1368 367 1462; x_wconf 90' lang='lat' dir='ltr'><strong>doloque</strong></span> <span class='ocrx_word' id='word_1_53' title='bbox 386 1383 498 1462; x_wconf 84' lang='lat' dir='ltr'><strong>tegere</strong></span> <span class='ocrx_word' id='word_1_54' title='bbox 517 1393 580 1438; x_wconf 91' lang='lat' dir='ltr'><strong>nos</strong></span> <span class='ocrx_word' id='word_1_55' title='bbox 600 1384 732 1439; x_wconf 90' lang='lat' dir='ltr'><strong>tautum</strong></span> <span class='ocrx_word' id='word_1_56' title='bbox 754 1367 866 1453; x_wconf 82' lang='lat' dir='ltr'><strong>nefas;</strong></span> 
     </span>
     <span class='ocr_line' id='line_1_11' title="bbox 112 1476 855 1570; baseline -0.003 -23"><span class='ocrx_word' id='word_1_57' title='bbox 112 1480 206 1570; x_wconf 88' lang='lat' dir='ltr'>Quid</span> <span class='ocrx_word' id='word_1_58' title='bbox 226 1479 282 1548; x_wconf 90' lang='lat' dir='ltr'><strong>ille</strong></span> <span class='ocrx_word' id='word_1_59' title='bbox 301 1480 401 1548; x_wconf 89' lang='lat' dir='ltr'><strong>rebus</strong></span> <span class='ocrx_word' id='word_1_60' title='bbox 420 1476 534 1546; x_wconf 91' lang='lat' dir='ltr'><strong>lumen</strong></span> <span class='ocrx_word' id='word_1_61' title='bbox 559 1479 738 1548; x_wconf 87' lang='lat' dir='ltr'><strong>infundens</strong></span> <span class='ocrx_word' id='word_1_62' title='bbox 759 1503 855 1547; x_wconf 89' lang='lat' dir='ltr'><strong>suum</strong></span> 
     </span>
     <span class='ocr_line' id='line_1_12' title="bbox 107 1587 1233 1684; baseline -0.007 -26"><span class='ocrx_word' id='word_1_63' title='bbox 107 1591 229 1659; x_wconf 89' lang='lat' dir='ltr'><strong>Matris</strong></span> <span class='ocrx_word' id='word_1_64' title='bbox 248 1589 395 1684; x_wconf 80' lang='lat' dir='ltr'><strong>parens?</strong></span> <span class='ocrx_word' id='word_1_65' title='bbox 414 1588 496 1683; x_wconf 89' lang='lat' dir='ltr'><strong>quid</strong></span> <span class='ocrx_word' id='word_1_66' title='bbox 512 1587 585 1674; x_wconf 90' lang='lat' dir='ltr'><strong>ille,</strong></span> <span class='ocrx_word' id='word_1_67' title='bbox 603 1591 661 1682; x_wconf 91' lang='lat' dir='ltr'><strong>qui</strong></span> <span class='ocrx_word' id='word_1_68' title='bbox 683 1588 846 1679; x_wconf 89' lang='lat' dir='ltr'><strong>mundum</strong></span> <span class='ocrx_word' id='word_1_69' title='bbox 864 1588 989 1682; x_wconf 88' lang='lat' dir='ltr'><strong>quatit,</strong></span> <span class='ocrx_word' id='word_1_70' title='bbox 1103 1614 1138 1651; x_wconf 71' lang='lat'><strong>1⁵⁵</strong></span> <span class='ocrx_word' id='word_1_71' title='bbox 1231 1602 1233 1608; x_wconf 84' lang='lat'>·</span> 
     </span>
     <span class='ocr_line' id='line_1_13' title="bbox 110 1697 874 1783; baseline -0.004 -14"><span class='ocrx_word' id='word_1_72' title='bbox 110 1701 259 1769; x_wconf 87' lang='lat' dir='ltr'><strong>Vibrans</strong></span> <span class='ocrx_word' id='word_1_73' title='bbox 275 1724 412 1782; x_wconf 80' lang='lat' dir='ltr'><strong>corusca</strong></span> <span class='ocrx_word' id='word_1_74' title='bbox 428 1697 556 1767; x_wconf 88' lang='lat' dir='ltr'><strong>fulmen</strong></span> <span class='ocrx_word' id='word_1_75' title='bbox 571 1702 736 1768; x_wconf 87' lang='lat' dir='ltr'><strong>AEtnaeum</strong></span> <span class='ocrx_word' id='word_1_76' title='bbox 753 1723 874 1783; x_wconf 88' lang='lat' dir='ltr'><strong>manu,</strong></span> 
     </span>
    </p>
   </div>
   <div class='ocr_carea' id='block_1_3' title="bbox 62 1873 1139 1946">
    <p class='ocr_par' dir='ltr' id='par_1_5' title="bbox 62 1873 1139 1946">
     <span class='ocr_line' id='line_1_14' title="bbox 62 1873 1139 1946; baseline 0.003 -17"><span class='ocrx_word' id='word_1_77' title='bbox 62 1877 124 1930; x_wconf 89' lang='lat' dir='ltr'><strong>liter</strong></span> <span class='ocrx_word' id='word_1_78' title='bbox 135 1875 240 1930; x_wconf 88' lang='lat' dir='ltr'><strong>dictum</strong></span> <span class='ocrx_word' id='word_1_79' title='bbox 250 1893 259 1942; x_wconf 90' lang='lat'>;</span> <span class='ocrx_word' id='word_1_80' title='bbox 268 1889 295 1929; x_wconf 91' lang='lat' dir='ltr'><strong>et</strong></span> <span class='ocrx_word' id='word_1_81' title='bbox 305 1876 439 1946; x_wconf 83' lang='lat' dir='ltr'><strong>intellige:</strong></span> <span class='ocrx_word' id='word_1_82' title='bbox 452 1899 465 1921; x_wconf 75' lang='grc' dir='ltr'>ι</span> <span class='ocrx_word' id='word_1_83' title='bbox 478 1873 548 1926; x_wconf 83' lang='lat' dir='ltr'><strong>Nam</strong></span> <span class='ocrx_word' id='word_1_84' title='bbox 559 1875 581 1926; x_wconf 81' lang='lat' dir='ltr'><strong>ei</strong></span> <span class='ocrx_word' id='word_1_85' title='bbox 628 1894 702 1941; x_wconf 84' lang='lat' dir='ltr'><strong>seue,</strong></span> <span class='ocrx_word' id='word_1_86' title='bbox 720 1893 758 1930; x_wconf 84' lang='lat' dir='ltr'><strong>re.</strong></span> <span class='ocrx_word' id='word_1_87' title='bbox 774 1882 847 1944; x_wconf 71' lang='lat'><strong>942,</strong></span> <span class='ocrx_word' id='word_1_88' title='bbox 865 1878 938 1944; x_wconf 74' lang='grc'><strong>948,</strong></span> <span class='ocrx_word' id='word_1_89' title='bbox 951 1875 1023 1944; x_wconf 74' lang='lat'><strong>9543</strong></span> <span class='ocrx_word' id='word_1_90' title='bbox 1037 1889 1063 1930; x_wconf 88' lang='lat' dir='ltr'><strong>et</strong></span> <span class='ocrx_word' id='word_1_91' title='bbox 1076 1878 1139 1933; x_wconf 91' lang='lat' dir='ltr'><strong>huic</strong></span> 
     </span>
    </p>
   </div>
   <div class='ocr_carea' id='block_1_4' title="bbox 63 1954 1231 2028">
    <p class='ocr_par' dir='ltr' id='par_1_6' title="bbox 63 1954 1231 2028">
     <span class='ocr_line' id='line_1_15' title="bbox 63 1954 1231 2028; baseline 0.004 -20"><span class='ocrx_word' id='word_1_92' title='bbox 63 1954 148 2009; x_wconf 89' lang='lat' dir='ltr'><strong>libido</strong></span> <span class='ocrx_word' id='word_1_93' title='bbox 162 1954 287 2028; x_wconf 73' lang='lat' dir='ltr'><strong>quedam</strong></span> <span class='ocrx_word' id='word_1_94' title='bbox 301 1955 539 2008; x_wconf 85' lang='lat' dir='ltr'><strong>omninoeuormis</strong></span> <span class='ocrx_word' id='word_1_95' title='bbox 549 1954 582 2006; x_wconf 88' lang='lat' dir='ltr'><strong>sit</strong></span> <span class='ocrx_word' id='word_1_96' title='bbox 625 1957 721 2008; x_wconf 87' lang='lat' dir='ltr'><strong>melius</strong></span> <span class='ocrx_word' id='word_1_97' title='bbox 741 1954 900 2020; x_wconf 87' lang='lat' dir='ltr'><strong>convenire,</strong></span> <span class='ocrx_word' id='word_1_98' title='bbox 923 1957 1036 2009; x_wconf 78' lang='lat' dir='ltr'><strong>«latum</strong></span> <span class='ocrx_word' id='word_1_99' title='bbox 1058 1960 1139 2014; x_wconf 77' lang='lat' dir='ltr'><strong>maria</strong></span> <span class='ocrx_word' id='word_1_100' title='bbox 1229 1962 1231 1967; x_wconf 82' lang='grc'><strong>’</strong></span> 
     </span>
    </p>
   </div>
   <div class='ocr_carea' id='block_1_5' title="bbox 64 2033 1140 2106">
    <p class='ocr_par' dir='ltr' id='par_1_7' title="bbox 64 2033 1140 2106">
     <span class='ocr_line' id='line_1_16' title="bbox 64 2033 1140 2106; baseline 0.003 -18"><span class='ocrx_word' id='word_1_101' title='bbox 64 2048 91 2088; x_wconf 92' lang='lat' dir='ltr'><strong>et</strong></span> <span class='ocrx_word' id='word_1_102' title='bbox 104 2048 268 2100; x_wconf 77' lang='lat' dir='ltr'><strong>monstroea3</strong></span> <span class='ocrx_word' id='word_1_103' title='bbox 278 2054 332 2088; x_wconf 89' lang='lat' dir='ltr'><strong>non</strong></span> <span class='ocrx_word' id='word_1_104' title='bbox 340 2033 445 2087; x_wconf 86' lang='lat' dir='ltr'><strong>homini</strong></span> <span class='ocrx_word' id='word_1_105' title='bbox 454 2033 522 2102; x_wconf 84' lang='lat' dir='ltr'><strong>ipsi,</strong></span> <span class='ocrx_word' id='word_1_106' title='bbox 533 2034 580 2103; x_wconf 87' lang='lat' dir='ltr'><strong>qui</strong></span> <span class='ocrx_word' id='word_1_107' title='bbox 625 2053 754 2106; x_wconf 81' lang='lat' dir='ltr'><strong>regnum,</strong></span> <span class='ocrx_word' id='word_1_108' title='bbox 771 2060 782 2081; x_wconf 70' lang='grc' dir='ltr'><strong>ι</strong></span> <span class='ocrx_word' id='word_1_109' title='bbox 804 2048 830 2088; x_wconf 88' lang='lat' dir='ltr'><strong>et</strong></span> <span class='ocrx_word' id='word_1_110' title='bbox 849 2037 971 2097; x_wconf 79' lang='lat' dir='ltr'><strong>imperium</strong></span> <span class='ocrx_word' id='word_1_111' title='bbox 988 2063 999 2084; x_wconf 67' lang='grc' dir='ltr'>ι</span> <span class='ocrx_word' id='word_1_112' title='bbox 1011 2036 1039 2088; x_wconf 86' lang='lat' dir='ltr'><strong>in</strong></span> <span class='ocrx_word' id='word_1_113' title='bbox 1052 2051 1140 2092; x_wconf 87' lang='lat' dir='ltr'><strong>cente·</strong></span> 
     </span>
    </p>
   </div>
   <div class='ocr_carea' id='block_1_6' title="bbox 61 2112 582 3300">
    <p class='ocr_par' dir='ltr' id='par_1_8' title="bbox 61 2112 582 3300">
     <span class='ocr_line' id='line_1_17' title="bbox 62 2112 581 2186; baseline -0.004 -19"><span class='ocrx_word' id='word_1_114' title='bbox 62 2134 162 2186; x_wconf 84' lang='lat' dir='ltr'><strong>nempe</strong></span> <span class='ocrx_word' id='word_1_115' title='bbox 173 2134 223 2186; x_wconf 86' lang='lat' dir='ltr'><strong>per</strong></span> <span class='ocrx_word' id='word_1_116' title='bbox 235 2134 262 2168; x_wconf 83' lang='lat' dir='ltr'><strong>se</strong></span> <span class='ocrx_word' id='word_1_117' title='bbox 276 2116 364 2186; x_wconf 77' lang='lat' dir='ltr'><strong>iprum</strong></span> <span class='ocrx_word' id='word_1_118' title='bbox 378 2133 433 2167; x_wconf 91' lang='lat' dir='ltr'><strong>non</strong></span> <span class='ocrx_word' id='word_1_119' title='bbox 450 2112 581 2184; x_wconf 78' lang='lat' dir='ltr'><strong>potuisset</strong></span> 
     </span>
     <span class='ocr_line' id='line_1_18' title="bbox 62 2193 580 2265; baseline -0.006 -18"><span class='ocrx_word' id='word_1_120' title='bbox 62 2213 122 2247; x_wconf 87' lang='lat' dir='ltr'><strong>eam</strong></span> <span class='ocrx_word' id='word_1_121' title='bbox 134 2195 288 2265; x_wconf 88' lang='lat' dir='ltr'><strong>concipere,</strong></span> <span class='ocrx_word' id='word_1_122' title='bbox 294 2193 339 2247; x_wconf 88' lang='lat' dir='ltr'><strong>sed</strong></span> <span class='ocrx_word' id='word_1_123' title='bbox 347 2195 460 2247; x_wconf 88' lang='lat' dir='ltr'><strong>fatorum</strong></span> <span class='ocrx_word' id='word_1_124' title='bbox 468 2193 580 2245; x_wconf 78' lang='lat' dir='ltr'><strong>necessi·</strong></span> 
     </span>
     <span class='ocr_line' id='line_1_19' title="bbox 61 2272 581 2343; baseline -0.004 -16"><span class='ocrx_word' id='word_1_125' title='bbox 61 2274 109 2327; x_wconf 82' lang='lat' dir='ltr'><strong>tati</strong></span> <span class='ocrx_word' id='word_1_126' title='bbox 119 2272 301 2332; x_wconf 85' lang='lat' dir='ltr'><strong>eatribuenda</strong></span> <span class='ocrx_word' id='word_1_127' title='bbox 310 2285 357 2327; x_wconf 85' lang='lat' dir='ltr'><strong>est.</strong></span> <span class='ocrx_word' id='word_1_128' title='bbox 368 2276 403 2326; x_wconf 80' lang='lat' dir='ltr'><strong>At</strong></span> <span class='ocrx_word' id='word_1_129' title='bbox 415 2272 522 2343; x_wconf 83' lang='lat' dir='ltr'><strong>flagitia,</strong></span> <span class='ocrx_word' id='word_1_130' title='bbox 536 2290 581 2325; x_wconf 88' lang='lat' dir='ltr'><strong>na·</strong></span> 
     </span>
     <span class='ocr_line' id='line_1_20' title="bbox 61 2351 581 2423; baseline -0.008 -17"><span class='ocrx_word' id='word_1_131' title='bbox 61 2365 150 2406; x_wconf 87' lang='lat' dir='ltr'><strong>turam</strong></span> <span class='ocrx_word' id='word_1_132' title='bbox 164 2355 310 2407; x_wconf 87' lang='lat' dir='ltr'><strong>humanam</strong></span> <span class='ocrx_word' id='word_1_133' title='bbox 331 2351 500 2423; x_wconf 84' lang='lat' dir='ltr'><strong>deturpantia</strong></span> <span class='ocrx_word' id='word_1_134' title='bbox 522 2352 581 2422; x_wconf 91' lang='lat' dir='ltr'><strong>qui-</strong></span> 
     </span>
     <span class='ocr_line' id='line_1_21' title="bbox 62 2430 582 2499; baseline -0.01 -13"><span class='ocrx_word' id='word_1_135' title='bbox 62 2431 136 2499; x_wconf 88' lang='lat' dir='ltr'><strong>dem,</strong></span> <span class='ocrx_word' id='word_1_136' title='bbox 149 2432 266 2486; x_wconf 79' lang='lat' dir='ltr'><strong>sednon</strong></span> <span class='ocrx_word' id='word_1_137' title='bbox 281 2433 445 2494; x_wconf 81' lang='lat' dir='ltr'><strong>excedentia,</strong></span> <span class='ocrx_word' id='word_1_138' title='bbox 462 2430 511 2482; x_wconf 80' lang='lat' dir='ltr'><strong>soli</strong></span> <span class='ocrx_word' id='word_1_139' title='bbox 524 2450 582 2482; x_wconf 91' lang='lat' dir='ltr'><strong>mo-</strong></span> 
     </span>
     <span class='ocr_line' id='line_1_22' title="bbox 62 2509 579 2585; baseline -0.006 -19"><span class='ocrx_word' id='word_1_140' title='bbox 62 2531 123 2565; x_wconf 85' lang='lat' dir='ltr'><strong>rum</strong></span> <span class='ocrx_word' id='word_1_141' title='bbox 133 2512 321 2585; x_wconf 78' lang='lat' dir='ltr'><strong>depravationi</strong></span> <span class='ocrx_word' id='word_1_142' title='bbox 330 2509 471 2564; x_wconf 88' lang='lat' dir='ltr'><strong>tribuenda</strong></span> <span class='ocrx_word' id='word_1_143' title='bbox 480 2523 543 2563; x_wconf 84' lang='lat' dir='ltr'><strong>sunt</strong></span> <span class='ocrx_word' id='word_1_144' title='bbox 555 2536 579 2563; x_wconf 69' lang='grc' dir='ltr'><strong>ι.</strong></span> 
     </span>
     <span class='ocr_line' id='line_1_23' title="bbox 106 2588 530 2663; baseline -0.009 -18"><span class='ocrx_word' id='word_1_145' title='bbox 106 2593 174 2658; x_wconf 72' lang='lat'><strong>145.</strong></span> <span class='ocrx_word' id='word_1_146' title='bbox 190 2593 282 2662; x_wconf 83' lang='lat' dir='ltr'><strong>Quod,</strong></span> <span class='ocrx_word' id='word_1_147' title='bbox 293 2604 435 2663; x_wconf 84' lang='lat' dir='ltr'><strong>propterea</strong></span> <span class='ocrx_word' id='word_1_148' title='bbox 448 2588 530 2660; x_wconf 84' lang='lat' dir='ltr'><strong>quod.</strong></span> 
     </span>
     <span class='ocr_line' id='line_1_24' title="bbox 105 2669 579 2736; baseline -0.002 -12"><span class='ocrx_word' id='word_1_149' title='bbox 105 2671 275 2736; x_wconf 76' lang='lat' dir='ltr'><strong>146.&#39;Facin.</strong></span> <span class='ocrx_word' id='word_1_150' title='bbox 287 2689 405 2724; x_wconf 89' lang='lat' dir='ltr'><strong>amorem</strong></span> <span class='ocrx_word' id='word_1_151' title='bbox 419 2669 579 2723; x_wconf 84' lang='lat' dir='ltr'><strong>adulterum.</strong></span> 
     </span>
     <span class='ocr_line' id='line_1_25' title="bbox 107 2747 579 2822; baseline -0.011 -17"><span class='ocrx_word' id='word_1_152' title='bbox 107 2760 176 2822; x_wconf 71' lang='lat'><strong>147.</strong></span> <span class='ocrx_word' id='word_1_153' title='bbox 191 2752 279 2805; x_wconf 78' lang='lat' dir='ltr'><strong>Crede.</strong></span> <span class='ocrx_word' id='word_1_154' title='bbox 291 2753 342 2804; x_wconf 91' lang='lat' dir='ltr'><strong>Per</strong></span> <span class='ocrx_word' id='word_1_155' title='bbox 351 2749 465 2803; x_wconf 82' lang='lat' dir='ltr'><strong>melleet</strong></span> <span class='ocrx_word' id='word_1_156' title='bbox 474 2747 579 2816; x_wconf 80' lang='lat' dir='ltr'><strong>credas3</strong></span> 
     </span>
     <span class='ocr_line' id='line_1_26' title="bbox 63 2829 580 2895; baseline -0.002 -13"><span class='ocrx_word' id='word_1_157' title='bbox 63 2830 142 2883; x_wconf 88' lang='lat' dir='ltr'><strong>etiam</strong></span> <span class='ocrx_word' id='word_1_158' title='bbox 157 2833 179 2884; x_wconf 78' lang='lat' dir='ltr'><strong>si</strong></span> <span class='ocrx_word' id='word_1_159' title='bbox 189 2844 220 2885; x_wconf 89' lang='lat' dir='ltr'><strong>tu</strong></span> <span class='ocrx_word' id='word_1_160' title='bbox 231 2829 361 2895; x_wconf 73' lang='lat' dir='ltr'><strong>crederes.</strong></span> <span class='ocrx_word' id='word_1_161' title='bbox 372 2863 410 2876; x_wconf 91' lang='lat'>-</span> <span class='ocrx_word' id='word_1_162' title='bbox 421 2831 526 2893; x_wconf 78' lang='lat' dir='ltr'><strong>Teucri,</strong></span> <span class='ocrx_word' id='word_1_163' title='bbox 537 2847 580 2881; x_wconf 88' lang='lat' dir='ltr'><strong>re·</strong></span> 
     </span>
     <span class='ocr_line' id='line_1_27' title="bbox 63 2907 449 2982; baseline -0.003 -21"><span class='ocrx_word' id='word_1_164' title='bbox 63 2909 158 2968; x_wconf 69' lang='lat' dir='ltr'><strong>tinem,</strong></span> <span class='ocrx_word' id='word_1_165' title='bbox 171 2913 274 2981; x_wconf 82' lang='lat' dir='ltr'><strong>absque</strong></span> <span class='ocrx_word' id='word_1_166' title='bbox 281 2928 329 2982; x_wconf 79' lang='lat' dir='ltr'><strong>spe</strong></span> <span class='ocrx_word' id='word_1_167' title='bbox 340 2907 449 2962; x_wconf 79' lang='lat' dir='ltr'><strong>reditus.</strong></span> 
     </span>
     <span class='ocr_line' id='line_1_28' title="bbox 108 2987 579 3061; baseline -0.004 -19"><span class='ocrx_word' id='word_1_168' title='bbox 108 2992 175 3052; x_wconf 71' lang='lat'><strong>148.</strong></span> <span class='ocrx_word' id='word_1_169' title='bbox 185 2990 263 3042; x_wconf 82' lang='lat' dir='ltr'><strong>Ferre</strong></span> <span class='ocrx_word' id='word_1_170' title='bbox 272 3001 412 3061; x_wconf 84' lang='lat' dir='ltr'><strong>perpetuam</strong></span> <span class='ocrx_word' id='word_1_171' title='bbox 426 2987 514 3059; x_wconf 76' lang='lat' dir='ltr'><strong>Styga.</strong></span> <span class='ocrx_word' id='word_1_172' title='bbox 524 2989 579 3040; x_wconf 90' lang='lat' dir='ltr'><strong>Da·</strong></span> 
     </span>
     <span class='ocr_line' id='line_1_29' title="bbox 67 3067 579 3140; baseline -0.002 -19"><span class='ocrx_word' id='word_1_173' title='bbox 67 3069 150 3122; x_wconf 90' lang='lat' dir='ltr'><strong>mnari</strong></span> <span class='ocrx_word' id='word_1_174' title='bbox 162 3067 197 3122; x_wconf 89' lang='lat' dir='ltr'><strong>ad</strong></span> <span class='ocrx_word' id='word_1_175' title='bbox 211 3068 299 3122; x_wconf 77' lang='lat' dir='ltr'><strong>sedem</strong></span> <span class='ocrx_word' id='word_1_176' title='bbox 317 3080 474 3140; x_wconf 86' lang='lat' dir='ltr'><strong>perpetuam</strong></span> <span class='ocrx_word' id='word_1_177' title='bbox 482 3067 579 3140; x_wconf 83' lang='lat' dir='ltr'><strong>Stygis.</strong></span> 
     </span>
     <span class='ocr_line' id='line_1_30' title="bbox 108 3147 578 3220; baseline -0.004 -19"><span class='ocrx_word' id='word_1_178' title='bbox 108 3155 162 3217; x_wconf 68' lang='lat'><strong>149</strong></span> <span class='ocrx_word' id='word_1_179' title='bbox 175 3168 215 3220; x_wconf 81' lang='lat' dir='ltr'><strong>aq.</strong></span> <span class='ocrx_word' id='word_1_180' title='bbox 231 3149 301 3220; x_wconf 80' lang='lat' dir='ltr'><strong>Quid</strong></span> <span class='ocrx_word' id='word_1_181' title='bbox 308 3149 357 3201; x_wconf 81' lang='lat' dir='ltr'><strong>ille.</strong></span> <span class='ocrx_word' id='word_1_182' title='bbox 370 3185 392 3200; x_wconf 88' lang='lat'><strong>..</strong></span> <span class='ocrx_word' id='word_1_183' title='bbox 404 3153 497 3218; x_wconf 74' lang='lat' dir='ltr'><strong>pater?</strong></span> <span class='ocrx_word' id='word_1_184' title='bbox 513 3147 578 3199; x_wconf 82' lang='lat' dir='ltr'><strong>Far·</strong></span> 
     </span>
     <span class='ocr_line' id='line_1_31' title="bbox 67 3225 580 3300; baseline 0.002 -22"><span class='ocrx_word' id='word_1_185' title='bbox 67 3228 157 3281; x_wconf 81' lang='lat' dir='ltr'><strong>nabius</strong></span> <span class='ocrx_word' id='word_1_186' title='bbox 163 3229 324 3300; x_wconf 84' lang='lat' dir='ltr'><strong>pronuntiat</strong></span> <span class='ocrx_word' id='word_1_187' title='bbox 331 3227 376 3281; x_wconf 91' lang='lat' dir='ltr'><strong>hic</strong></span> <span class='ocrx_word' id='word_1_188' title='bbox 384 3227 426 3297; x_wconf 80' lang='lat' dir='ltr'><strong>agi</strong></span> <span class='ocrx_word' id='word_1_189' title='bbox 434 3225 469 3279; x_wconf 89' lang='lat' dir='ltr'><strong>de</strong></span> <span class='ocrx_word' id='word_1_190' title='bbox 476 3227 580 3291; x_wconf 87' lang='lat' dir='ltr'><strong>Minoe,</strong></span> 
     </span>
    </p>
   </div>
   <div class='ocr_carea' id='block_1_7' title="bbox 624 2113 1144 2569">
    <p class='ocr_par' dir='ltr' id='par_1_9' title="bbox 624 2113 1144 2424">
     <span class='ocr_line' id='line_1_32' title="bbox 624 2113 1144 2185; baseline 0.01 -19"><span class='ocrx_word' id='word_1_191' title='bbox 624 2114 803 2185; x_wconf 82' lang='lat' dir='ltr'><strong>nospopulos.</strong></span> <span class='ocrx_word' id='word_1_192' title='bbox 817 2141 827 2161; x_wconf 75' lang='grc' dir='ltr'>ι</span> <span class='ocrx_word' id='word_1_193' title='bbox 839 2113 941 2166; x_wconf 76' lang='lat' dir='ltr'><strong>Arnon</strong></span> <span class='ocrx_word' id='word_1_194' title='bbox 954 2116 1015 2168; x_wconf 82' lang='lat' dir='ltr'><strong>satis</strong></span> <span class='ocrx_word' id='word_1_195' title='bbox 1026 2117 1144 2172; x_wconf 88' lang='lat' dir='ltr'><strong>attendit&#39;</strong></span> 
     </span>
     <span class='ocr_line' id='line_1_33' title="bbox 625 2193 1139 2268; baseline 0.008 -22"><span class='ocrx_word' id='word_1_196' title='bbox 625 2193 658 2246; x_wconf 84' lang='lat' dir='ltr'><strong>ad</strong></span> <span class='ocrx_word' id='word_1_197' title='bbox 666 2193 886 2265; x_wconf 79' lang='lat' dir='ltr'><strong>significationem</strong></span> <span class='ocrx_word' id='word_1_198' title='bbox 894 2195 1052 2249; x_wconf 88' lang='lat' dir='ltr'><strong>verborum:</strong></span> <span class='ocrx_word' id='word_1_199' title='bbox 1068 2223 1079 2245; x_wconf 80' lang='grc' dir='ltr'>ι</span> <span class='ocrx_word' id='word_1_200' title='bbox 1090 2217 1139 2268; x_wconf 92' lang='lat' dir='ltr'><strong>po-</strong></span> 
     </span>
     <span class='ocr_line' id='line_1_34' title="bbox 624 2271 1136 2345; baseline 0.01 -20"><span class='ocrx_word' id='word_1_201' title='bbox 624 2274 696 2344; x_wconf 84' lang='lat' dir='ltr'><strong>pulis</strong></span> <span class='ocrx_word' id='word_1_202' title='bbox 709 2271 799 2326; x_wconf 84' lang='lat' dir='ltr'><strong>reddit</strong></span> <span class='ocrx_word' id='word_1_203' title='bbox 811 2275 873 2344; x_wconf 86' lang='lat' dir='ltr'><strong>jura</strong></span> <span class='ocrx_word' id='word_1_204' title='bbox 886 2297 897 2318; x_wconf 65' lang='grc' dir='ltr'><strong>ν</strong></span> <span class='ocrx_word' id='word_1_205' title='bbox 909 2315 917 2338; x_wconf 91' lang='grc'>,</span> <span class='ocrx_word' id='word_1_206' title='bbox 931 2293 990 2345; x_wconf 82' lang='lat' dir='ltr'><strong>quae</strong></span> <span class='ocrx_word' id='word_1_207' title='bbox 1003 2274 1038 2328; x_wconf 89' lang='lat' dir='ltr'><strong>ad</strong></span> <span class='ocrx_word' id='word_1_208' title='bbox 1049 2278 1136 2330; x_wconf 88' lang='lat' dir='ltr'><strong>Deum</strong></span> 
     </span>
     <span class='ocr_line' id='line_1_35' title="bbox 624 2352 1031 2424; baseline 0.007 -19"><span class='ocrx_word' id='word_1_209' title='bbox 624 2355 758 2424; x_wconf 89' lang='lat' dir='ltr'><strong>pertinere</strong></span> <span class='ocrx_word' id='word_1_210' title='bbox 773 2352 883 2404; x_wconf 87' lang='lat' dir='ltr'><strong>minime</strong></span> <span class='ocrx_word' id='word_1_211' title='bbox 897 2352 1031 2408; x_wconf 88' lang='lat' dir='ltr'><strong>videntur.</strong></span> 
     </span>
    </p>

    <p class='ocr_par' dir='ltr' id='par_1_10' title="bbox 625 2433 1137 2569">
     <span class='ocr_line' id='line_1_36' title="bbox 669 2433 1137 2489; baseline 0.011 -5"><span class='ocrx_word' id='word_1_212' title='bbox 669 2433 734 2487; x_wconf 87' lang='lat'>151.</span> <span class='ocrx_word' id='word_1_213' title='bbox 747 2434 834 2484; x_wconf 80' lang='lat' dir='ltr'><strong>Latere</strong></span> <span class='ocrx_word' id='word_1_214' title='bbox 842 2436 911 2485; x_wconf 81' lang='lat' dir='ltr'><strong>sinet.</strong></span> <span class='ocrx_word' id='word_1_215' title='bbox 920 2455 930 2476; x_wconf 71' lang='grc' dir='ltr'><em>α</em></span> <span class='ocrx_word' id='word_1_216' title='bbox 939 2433 1068 2488; x_wconf 85' lang='lat' dir='ltr'><strong>Credisne</strong></span> <span class='ocrx_word' id='word_1_217' title='bbox 1079 2437 1137 2489; x_wconf 82' lang='lat' dir='ltr'><strong>lore</strong></span> 
     </span>
     <span class='ocr_line' id='line_1_37' title="bbox 625 2512 1137 2569; baseline 0.01 -5"><span class='ocrx_word' id='word_1_218' title='bbox 625 2525 653 2564; x_wconf 91' lang='lat' dir='ltr'><strong>ut</strong></span> <span class='ocrx_word' id='word_1_219' title='bbox 672 2512 740 2564; x_wconf 83' lang='lat' dir='ltr'><strong>sinat</strong></span> <span class='ocrx_word' id='word_1_220' title='bbox 760 2512 863 2565; x_wconf 79' lang='lat' dir='ltr'><strong>latere?</strong></span> <span class='ocrx_word' id='word_1_221' title='bbox 877 2538 889 2559; x_wconf 72' lang='grc' dir='ltr'><strong><em>ι</em></strong></span> <span class='ocrx_word' id='word_1_222' title='bbox 912 2513 947 2565; x_wconf 90' lang='lat' dir='ltr'><strong>Et</strong></span> <span class='ocrx_word' id='word_1_223' title='bbox 961 2514 999 2566; x_wconf 91' lang='lat' dir='ltr'><strong>sic</strong></span> <span class='ocrx_word' id='word_1_224' title='bbox 1015 2514 1137 2569; x_wconf 87' lang='lat' dir='ltr'><strong>innuitur</strong></span> 
     </span>
    </p>
   </div>
   <div class='ocr_carea' id='block_1_8' title="bbox 589 2591 1101 2665">
    <p class='ocr_par' dir='ltr' id='par_1_11' title="bbox 589 2591 1101 2665">
     <span class='ocr_line' id='line_1_38' title="bbox 589 2591 1101 2665; baseline 0.006 -21"><span class='ocrx_word' id='word_1_225' title='bbox 589 2600 592 2607; x_wconf 94' lang='lat'>&#39;</span> <span class='ocrx_word' id='word_1_226' title='bbox 623 2592 706 2658; x_wconf 87' lang='lat' dir='ltr'><strong>ultio,</strong></span> <span class='ocrx_word' id='word_1_227' title='bbox 717 2610 801 2663; x_wconf 76' lang='lat' dir='ltr'><strong>¹quum</strong></span> <span class='ocrx_word' id='word_1_228' title='bbox 815 2592 872 2662; x_wconf 90' lang='lat' dir='ltr'><strong>ipse</strong></span> <span class='ocrx_word' id='word_1_229' title='bbox 888 2591 979 2645; x_wconf 80' lang='lat' dir='ltr'><strong>Minos</strong></span> <span class='ocrx_word' id='word_1_230' title='bbox 990 2607 1101 2665; x_wconf 89' lang='lat' dir='ltr'><strong>repetet.</strong></span> 
     </span>
    </p>
   </div>
   <div class='ocr_carea' id='block_1_9' title="bbox 620 2670 1135 3299">
    <p class='ocr_par' dir='ltr' id='par_1_12' title="bbox 622 2670 1135 3054">
     <span class='ocr_line' id='line_1_39' title="bbox 666 2670 1134 2741; baseline 0.009 -16"><span class='ocrx_word' id='word_1_231' title='bbox 666 2672 730 2725; x_wconf 73' lang='lat'><strong>152.</strong></span> <span class='ocrx_word' id='word_1_232' title='bbox 752 2670 838 2740; x_wconf 75' lang='lat' dir='ltr'><strong>Sagae</strong></span> <span class='ocrx_word' id='word_1_233' title='bbox 859 2685 987 2741; x_wconf 82' lang='lat' dir='ltr'><strong>pareutum</strong></span> <span class='ocrx_word' id='word_1_234' title='bbox 1011 2687 1047 2724; x_wconf 82' lang='lat' dir='ltr'><strong>est</strong></span> <span class='ocrx_word' id='word_1_235' title='bbox 1067 2695 1134 2729; x_wconf 81' lang='lat' dir='ltr'><strong>cura.</strong></span> 
     </span>
     <span class='ocr_line' id='line_1_40' title="bbox 623 2751 1135 2824; baseline 0.008 -22"><span class='ocrx_word' id='word_1_236' title='bbox 623 2752 696 2804; x_wconf 88' lang='lat' dir='ltr'><strong>Vere</strong></span> <span class='ocrx_word' id='word_1_237' title='bbox 707 2751 853 2813; x_wconf 75' lang='lat' dir='ltr'><strong>dictabam,</strong></span> <span class='ocrx_word' id='word_1_238' title='bbox 864 2764 889 2803; x_wconf 89' lang='lat' dir='ltr'><strong>et</strong></span> <span class='ocrx_word' id='word_1_239' title='bbox 905 2751 938 2804; x_wconf 89' lang='lat' dir='ltr'><strong>ad</strong></span> <span class='ocrx_word' id='word_1_240' title='bbox 950 2772 1135 2824; x_wconf 85' lang='lat' dir='ltr'><strong>quorumsen·</strong></span> 
     </span>
     <span class='ocr_line' id='line_1_41' title="bbox 623 2831 1134 2904; baseline 0.008 -22"><span class='ocrx_word' id='word_1_241' title='bbox 623 2850 681 2882; x_wconf 80' lang='lat' dir='ltr'><strong>sum</strong></span> <span class='ocrx_word' id='word_1_242' title='bbox 697 2831 778 2883; x_wconf 87' lang='lat' dir='ltr'><strong>multa</strong></span> <span class='ocrx_word' id='word_1_243' title='bbox 793 2831 908 2901; x_wconf 86' lang='lat' dir='ltr'><strong>reperias</strong></span> <span class='ocrx_word' id='word_1_244' title='bbox 924 2849 1046 2902; x_wconf 81' lang='lat' dir='ltr'><strong>expressa</strong></span> <span class='ocrx_word' id='word_1_245' title='bbox 1060 2833 1134 2904; x_wconf 86' lang='lat' dir='ltr'><strong>apud</strong></span> 
     </span>
     <span class='ocr_line' id='line_1_42' title="bbox 622 2910 1135 2984; baseline 0.008 -21"><span class='ocrx_word' id='word_1_246' title='bbox 622 2911 710 2963; x_wconf 79' lang='lat' dir='ltr'><strong>varios</strong></span> <span class='ocrx_word' id='word_1_247' title='bbox 719 2911 852 2964; x_wconf 85' lang='lat' dir='ltr'><strong>variarum</strong></span> <span class='ocrx_word' id='word_1_248' title='bbox 862 2910 1014 2981; x_wconf 83' lang='lat' dir='ltr'><strong>linguarum</strong></span> <span class='ocrx_word' id='word_1_249' title='bbox 1024 2913 1135 2984; x_wconf 87' lang='lat' dir='ltr'><strong>scripto-</strong></span> 
     </span>
     <span class='ocr_line' id='line_1_43' title="bbox 622 2990 1082 3054; baseline 0.009 -13"><span class='ocrx_word' id='word_1_250' title='bbox 622 3008 673 3042; x_wconf 79' lang='lat' dir='ltr'><strong>res.</strong></span> <span class='ocrx_word' id='word_1_251' title='bbox 685 3021 725 3028; x_wconf 90' lang='lat'>—</span> <span class='ocrx_word' id='word_1_252' title='bbox 739 2991 884 3054; x_wconf 81' lang='lat' dir='ltr'><strong>Credamus,</strong></span> <span class='ocrx_word' id='word_1_253' title='bbox 902 2990 1082 3045; x_wconf 82' lang='lat' dir='ltr'><strong>admittamus.</strong></span> 
     </span>
    </p>

    <p class='ocr_par' dir='ltr' id='par_1_13' title="bbox 620 3070 1135 3299">
     <span class='ocr_line' id='line_1_44' title="bbox 666 3070 1135 3146; baseline 0.009 -25"><span class='ocrx_word' id='word_1_254' title='bbox 666 3070 730 3146; x_wconf 52' lang='grc' dir='ltr'><strong>[ἢ.</strong></span> <span class='ocrx_word' id='word_1_255' title='bbox 748 3071 814 3121; x_wconf 79' lang='lat' dir='ltr'><strong>Astu</strong></span> <span class='ocrx_word' id='word_1_256' title='bbox 828 3070 937 3141; x_wconf 86' lang='lat' dir='ltr'><strong>doloque.</strong></span> <span class='ocrx_word' id='word_1_257' title='bbox 957 3072 1019 3122; x_wconf 86' lang='lat' dir='ltr'><strong>Plus</strong></span> <span class='ocrx_word' id='word_1_258' title='bbox 1035 3083 1075 3123; x_wconf 84' lang='lat' dir='ltr'><strong>est</strong></span> <span class='ocrx_word' id='word_1_259' title='bbox 1088 3071 1135 3125; x_wconf 90' lang='lat' dir='ltr'><strong>do·</strong></span> 
     </span>
     <span class='ocr_line' id='line_1_45' title="bbox 621 3148 1135 3220; baseline 0.01 -20"><span class='ocrx_word' id='word_1_260' title='bbox 621 3148 663 3201; x_wconf 80' lang='lat' dir='ltr'><strong>lue</strong></span> <span class='ocrx_word' id='word_1_261' title='bbox 674 3168 753 3220; x_wconf 90' lang='lat' dir='ltr'><strong>quam</strong></span> <span class='ocrx_word' id='word_1_262' title='bbox 765 3163 844 3202; x_wconf 79' lang='lat' dir='ltr'><strong>astus.</strong></span> <span class='ocrx_word' id='word_1_263' title='bbox 852 3149 903 3201; x_wconf 91' lang='lat' dir='ltr'><strong>Hic</strong></span> <span class='ocrx_word' id='word_1_264' title='bbox 913 3149 1084 3203; x_wconf 81' lang='lat' dir='ltr'><strong>calliditatem</strong></span> <span class='ocrx_word' id='word_1_265' title='bbox 1094 3172 1135 3205; x_wconf 81' lang='lat' dir='ltr'><strong>ao-</strong></span> 
     </span>
     <span class='ocr_line' id='line_1_46' title="bbox 620 3229 1134 3299; baseline 0.004 -19"><span class='ocrx_word' id='word_1_266' title='bbox 620 3229 693 3293; x_wconf 89' lang='lat' dir='ltr'><strong>lum‚</strong></span> <span class='ocrx_word' id='word_1_267' title='bbox 705 3229 751 3281; x_wconf 88' lang='lat' dir='ltr'><strong>ille</strong></span> <span class='ocrx_word' id='word_1_268' title='bbox 764 3229 893 3281; x_wconf 83' lang='lat' dir='ltr'><strong>fallaciam</strong></span> <span class='ocrx_word' id='word_1_269' title='bbox 905 3229 1075 3299; x_wconf 82' lang='lat' dir='ltr'><strong>reposcit-</strong></span> <span class='ocrx_word' id='word_1_270' title='bbox 1086 3233 1134 3282; x_wconf 82' lang='lat' dir='ltr'><strong>Te·</strong></span> 
     </span>
    </p>
   </div>
   <div class='ocr_carea' id='block_1_10' title="bbox 69 3307 1133 3378">
    <p class='ocr_par' dir='ltr' id='par_1_14' title="bbox 69 3307 1133 3378">
     <span class='ocr_line' id='line_1_47' title="bbox 69 3307 1133 3378; baseline 0.004 -20"><span class='ocrx_word' id='word_1_271' title='bbox 69 3310 141 3378; x_wconf 78' lang='lat' dir='ltr'><strong>enjus</strong></span> <span class='ocrx_word' id='word_1_272' title='bbox 150 3308 274 3360; x_wconf 89' lang='lat' dir='ltr'><strong>meminit</strong></span> <span class='ocrx_word' id='word_1_273' title='bbox 284 3308 333 3360; x_wconf 83' lang='lat' dir='ltr'><strong>inf.</strong></span> <span class='ocrx_word' id='word_1_274' title='bbox 344 3308 449 3372; x_wconf 87' lang='lat' dir='ltr'><strong>nutrix,</strong></span> <span class='ocrx_word' id='word_1_275' title='bbox 459 3325 508 3358; x_wconf 81' lang='lat' dir='ltr'><strong>vas.</strong></span> <span class='ocrx_word' id='word_1_276' title='bbox 523 3312 576 3370; x_wconf 65' lang='grc' dir='ltr'><strong>ψ</strong></span> <span class='ocrx_word' id='word_1_277' title='bbox 619 3327 690 3376; x_wconf 73' lang='lat' dir='ltr'><strong>gere,</strong></span> <span class='ocrx_word' id='word_1_278' title='bbox 705 3307 734 3361; x_wconf 92' lang='lat' dir='ltr'><strong>id</strong></span> <span class='ocrx_word' id='word_1_279' title='bbox 747 3322 803 3373; x_wconf 85' lang='lat' dir='ltr'><strong>est,</strong></span> <span class='ocrx_word' id='word_1_280' title='bbox 822 3321 910 3377; x_wconf 83' lang='lat' dir='ltr'><strong>tegere</strong></span> <span class='ocrx_word' id='word_1_281' title='bbox 922 3325 1006 3378; x_wconf 75' lang='lat' dir='ltr'><strong>posse.</strong></span> <span class='ocrx_word' id='word_1_282' title='bbox 1020 3340 1060 3350; x_wconf 91' lang='lat'>-</span> <span class='ocrx_word' id='word_1_283' title='bbox 1069 3310 1133 3364; x_wconf 86' lang='lat' dir='ltr'><strong>Nos.</strong></span> 
     </span>
    </p>
   </div>
   <div class='ocr_carea' id='block_1_11' title="bbox 10 3386 1138 4096">
    <p class='ocr_par' dir='ltr' id='par_1_15' title="bbox 71 3386 1135 3616">
     <span class='ocr_line' id='line_1_48' title="bbox 71 3386 1135 3453; baseline 0.006 -17"><span class='ocrx_word' id='word_1_284' title='bbox 71 3399 96 3438; x_wconf 88' lang='lat' dir='ltr'><strong>et</strong></span> <span class='ocrx_word' id='word_1_285' title='bbox 112 3388 192 3450; x_wconf 73' lang='lat'><strong>245:</strong></span> <span class='ocrx_word' id='word_1_286' title='bbox 220 3387 307 3440; x_wconf 85' lang='lat' dir='ltr'><strong>Minoi</strong></span> <span class='ocrx_word' id='word_1_287' title='bbox 319 3405 381 3440; x_wconf 82' lang='lat' dir='ltr'><strong>eene</strong></span> <span class='ocrx_word' id='word_1_288' title='bbox 393 3386 575 3439; x_wconf 84' lang='lat' dir='ltr'><strong>conveniunt:</strong></span> <span class='ocrx_word' id='word_1_289' title='bbox 620 3387 725 3440; x_wconf 82' lang='lat' dir='ltr'><strong>Iudicat</strong></span> <span class='ocrx_word' id='word_1_290' title='bbox 738 3406 766 3440; x_wconf 79' lang='lat' dir='ltr'><strong>se</strong></span> <span class='ocrx_word' id='word_1_291' title='bbox 777 3388 849 3440; x_wconf 77' lang='lat' dir='ltr'><strong>herae</strong></span> <span class='ocrx_word' id='word_1_292' title='bbox 858 3405 910 3438; x_wconf 85' lang='lat' dir='ltr'><strong>suae</strong></span> <span class='ocrx_word' id='word_1_293' title='bbox 921 3405 1037 3453; x_wconf 87' lang='lat' dir='ltr'><strong>morem,</strong></span> <span class='ocrx_word' id='word_1_294' title='bbox 1053 3390 1094 3441; x_wconf 83' lang='lat' dir='ltr'><strong>vel</strong></span> <span class='ocrx_word' id='word_1_295' title='bbox 1106 3390 1135 3443; x_wconf 87' lang='lat' dir='ltr'><strong>in</strong></span> 
     </span>
     <span class='ocr_line' id='line_1_49' title="bbox 74 3466 1135 3539; baseline 0.006 -21"><span class='ocrx_word' id='word_1_296' title='bbox 74 3466 145 3520; x_wconf 76' lang='lat' dir='ltr'><strong>«lato</strong></span> <span class='ocrx_word' id='word_1_297' title='bbox 171 3467 254 3520; x_wconf 84' lang='lat' dir='ltr'><strong>maria</strong></span> <span class='ocrx_word' id='word_1_298' title='bbox 277 3467 376 3538; x_wconf 88' lang='lat' dir='ltr'><strong>premit</strong></span> <span class='ocrx_word' id='word_1_299' title='bbox 395 3484 493 3536; x_wconf 88' lang='lat' dir='ltr'><strong>regno,</strong></span> <span class='ocrx_word' id='word_1_300' title='bbox 514 3490 527 3513; x_wconf 77' lang='grc' dir='ltr'><strong><em>ι</em></strong></span> <span class='ocrx_word' id='word_1_301' title='bbox 546 3479 578 3519; x_wconf 89' lang='lat' dir='ltr'><strong>ut</strong></span> <span class='ocrx_word' id='word_1_302' title='bbox 621 3467 668 3519; x_wconf 88' lang='lat' dir='ltr'><strong>tali</strong></span> <span class='ocrx_word' id='word_1_303' title='bbox 688 3486 733 3533; x_wconf 91' lang='lat' dir='ltr'><strong>re,</strong></span> <span class='ocrx_word' id='word_1_304' title='bbox 754 3479 884 3539; x_wconf 80' lang='lat' dir='ltr'><strong>gesturam</strong></span> <span class='ocrx_word' id='word_1_305' title='bbox 903 3483 976 3535; x_wconf 77' lang='lat' dir='ltr'><strong>esse,</strong></span> <span class='ocrx_word' id='word_1_306' title='bbox 996 3479 1022 3518; x_wconf 88' lang='lat' dir='ltr'><strong>et</strong></span> <span class='ocrx_word' id='word_1_307' title='bbox 1044 3471 1135 3524; x_wconf 91' lang='lat' dir='ltr'><strong>omnia</strong></span> 
     </span>
     <span class='ocr_line' id='line_1_50' title="bbox 72 3545 1074 3616; baseline 0.005 -20"><span class='ocrx_word' id='word_1_308' title='bbox 72 3559 175 3616; x_wconf 82' lang='lat' dir='ltr'><strong>apparet</strong></span> <span class='ocrx_word' id='word_1_309' title='bbox 188 3565 222 3600; x_wconf 87' lang='lat' dir='ltr'><strong>ex</strong></span> <span class='ocrx_word' id='word_1_310' title='bbox 234 3566 273 3600; x_wconf 86' lang='lat' dir='ltr'><strong>vs.</strong></span> <span class='ocrx_word' id='word_1_311' title='bbox 285 3545 320 3601; x_wconf 81' lang='lat'><strong>85</strong></span> <span class='ocrx_word' id='word_1_312' title='bbox 336 3565 343 3599; x_wconf 93' lang='lat'>:</span> <span class='ocrx_word' id='word_1_313' title='bbox 365 3567 376 3589; x_wconf 72' lang='grc' dir='ltr'>ι</span> <span class='ocrx_word' id='word_1_314' title='bbox 386 3546 411 3598; x_wconf 94' lang='grc' dir='ltr'>Ο</span> <span class='ocrx_word' id='word_1_315' title='bbox 423 3545 500 3597; x_wconf 86' lang='lat' dir='ltr'><strong>Creta</strong></span> <span class='ocrx_word' id='word_1_316' title='bbox 512 3545 580 3598; x_wconf 82' lang='lat' dir='ltr'><strong>vasti</strong></span> <span class='ocrx_word' id='word_1_317' title='bbox 622 3546 834 3599; x_wconf 85' lang='lat' dir='ltr'><strong>condonaturam</strong></span> <span class='ocrx_word' id='word_1_318' title='bbox 847 3546 934 3597; x_wconf 88' lang='lat' dir='ltr'><strong>amori</strong></span> <span class='ocrx_word' id='word_1_319' title='bbox 945 3545 1074 3601; x_wconf 82' lang='lat' dir='ltr'><strong>Plraedrae.</strong></span> 
     </span>
    </p>

    <p class='ocr_par' dir='ltr' id='par_1_16' title="bbox 10 3622 1133 3777">
     <span class='ocr_line' id='line_1_51' title="bbox 10 3622 1133 3700; baseline 0.007 -28"><span class='ocrx_word' id='word_1_320' title='bbox 10 3692 12 3697; x_wconf 26' lang='grc' dir='ltr'>Ι</span> <span class='ocrx_word' id='word_1_321' title='bbox 73 3622 230 3679; x_wconf 73' lang='lat' dir='ltr'><strong>dominatrix</strong></span> <span class='ocrx_word' id='word_1_322' title='bbox 244 3626 321 3692; x_wconf 78' lang='lat' dir='ltr'><strong>freti,</strong></span> <span class='ocrx_word' id='word_1_323' title='bbox 343 3639 392 3678; x_wconf 80' lang='lat' dir='ltr'><strong>ete,</strong></span> <span class='ocrx_word' id='word_1_324' title='bbox 409 3652 419 3672; x_wconf 62' lang='lat' dir='ltr'>n</span> <span class='ocrx_word' id='word_1_325' title='bbox 438 3637 465 3677; x_wconf 86' lang='lat' dir='ltr'><strong>et</strong></span> <span class='ocrx_word' id='word_1_326' title='bbox 477 3627 580 3676; x_wconf 81' lang='lat' dir='ltr'><strong>centenis</strong></span> <span class='ocrx_word' id='word_1_327' title='bbox 667 3627 733 3690; x_wconf 66' lang='lat'><strong>154.</strong></span> <span class='ocrx_word' id='word_1_328' title='bbox 754 3625 824 3695; x_wconf 81' lang='lat' dir='ltr'><strong>Quid</strong></span> <span class='ocrx_word' id='word_1_329' title='bbox 838 3626 892 3690; x_wconf 88' lang='lat' dir='ltr'><strong>ille,</strong></span> <span class='ocrx_word' id='word_1_330' title='bbox 909 3637 957 3677; x_wconf 88' lang='lat' dir='ltr'><strong>etc.</strong></span> <span class='ocrx_word' id='word_1_331' title='bbox 980 3627 1043 3678; x_wconf 90' lang='lat' dir='ltr'><strong>Sub.</strong></span> <span class='ocrx_word' id='word_1_332' title='bbox 1060 3643 1133 3700; x_wconf 84' lang='lat' dir='ltr'><strong>aget;</strong></span> 
     </span>
     <span class='ocr_line' id='line_1_52' title="bbox 10 3703 975 3777; baseline 0.002 -23"><span class='ocrx_word' id='word_1_333' title='bbox 10 3726 12 3733; x_wconf 94' lang='lat'>·</span> <span class='ocrx_word' id='word_1_334' title='bbox 73 3706 160 3774; x_wconf 79' lang='lat' dir='ltr'><strong>populis</strong></span> <span class='ocrx_word' id='word_1_335' title='bbox 182 3708 305 3777; x_wconf 87' lang='lat' dir='ltr'><strong>apprime</strong></span> <span class='ocrx_word' id='word_1_336' title='bbox 326 3705 480 3775; x_wconf 86' lang='lat' dir='ltr'><strong>designatur</strong></span> <span class='ocrx_word' id='word_1_337' title='bbox 502 3705 581 3756; x_wconf 78' lang='lat' dir='ltr'><strong>Crete</strong></span> <span class='ocrx_word' id='word_1_338' title='bbox 624 3717 651 3757; x_wconf 89' lang='lat' dir='ltr'><strong>et</strong></span> <span class='ocrx_word' id='word_1_339' title='bbox 660 3706 748 3758; x_wconf 88' lang='lat' dir='ltr'><strong>Solem</strong></span> <span class='ocrx_word' id='word_1_340' title='bbox 759 3703 860 3756; x_wconf 84' lang='lat' dir='ltr'><strong>iudicat</strong></span> <span class='ocrx_word' id='word_1_341' title='bbox 867 3743 875 3769; x_wconf 92' lang='lat'><em>‚</em></span> <span class='ocrx_word' id='word_1_342' title='bbox 888 3723 925 3757; x_wconf 83' lang='lat' dir='ltr'><strong>vs.</strong></span> <span class='ocrx_word' id='word_1_343' title='bbox 937 3723 975 3776; x_wconf 83' lang='lat' dir='ltr'><strong>sq.</strong></span> 
     </span>
    </p>

    <p class='ocr_par' dir='ltr' id='par_1_17' title="bbox 75 3783 1138 4096">
     <span class='ocr_line' id='line_1_53' title="bbox 75 3783 1136 3854; baseline 0.007 -20"><span class='ocrx_word' id='word_1_344' title='bbox 75 3798 174 3837; x_wconf 86' lang='lat' dir='ltr'><strong>centum</strong></span> <span class='ocrx_word' id='word_1_345' title='bbox 185 3787 299 3838; x_wconf 89' lang='lat' dir='ltr'><strong>urbibus</strong></span> <span class='ocrx_word' id='word_1_346' title='bbox 311 3785 452 3838; x_wconf 88' lang='lat' dir='ltr'><strong>celebrata.</strong></span> <span class='ocrx_word' id='word_1_347' title='bbox 464 3783 582 3836; x_wconf 77' lang='lat' dir='ltr'><strong>Gallicus</strong></span> <span class='ocrx_word' id='word_1_348' title='bbox 669 3784 734 3838; x_wconf 84' lang='lat'><strong>155.</strong></span> <span class='ocrx_word' id='word_1_349' title='bbox 757 3786 847 3837; x_wconf 80' lang='lat' dir='ltr'><strong>Matris</strong></span> <span class='ocrx_word' id='word_1_350' title='bbox 868 3804 965 3854; x_wconf 81' lang='lat' dir='ltr'><strong>parens.</strong></span> <span class='ocrx_word' id='word_1_351' title='bbox 989 3784 1049 3850; x_wconf 90' lang='lat' dir='ltr'><strong>Sol,</strong></span> <span class='ocrx_word' id='word_1_352' title='bbox 1071 3807 1136 3842; x_wconf 83' lang='lat' dir='ltr'><strong>avus</strong></span> 
     </span>
     <span class='ocr_line' id='line_1_54' title="bbox 76 3863 1138 3936; baseline 0.008 -22"><span class='ocrx_word' id='word_1_353' title='bbox 76 3874 156 3916; x_wconf 82' lang='lat' dir='ltr'><strong>tumen</strong></span> <span class='ocrx_word' id='word_1_354' title='bbox 181 3866 316 3936; x_wconf 64' lang='lat' dir='ltr'><strong>interpres</strong></span> <span class='ocrx_word' id='word_1_355' title='bbox 345 3864 510 3916; x_wconf 89' lang='lat' dir='ltr'><strong>mentionem</strong></span> <span class='ocrx_word' id='word_1_356' title='bbox 535 3863 581 3915; x_wconf 89' lang='lat' dir='ltr'><strong>hic</strong></span> <span class='ocrx_word' id='word_1_357' title='bbox 624 3876 685 3916; x_wconf 88' lang='lat' dir='ltr'><strong>tuus</strong></span> <span class='ocrx_word' id='word_1_358' title='bbox 700 3878 844 3918; x_wconf 90' lang='lat' dir='ltr'><strong>maternus.</strong></span> <span class='ocrx_word' id='word_1_359' title='bbox 857 3895 898 3904; x_wconf 93' lang='lat'><strong>--</strong></span> <span class='ocrx_word' id='word_1_360' title='bbox 912 3865 981 3933; x_wconf 81' lang='lat' dir='ltr'><strong>Quid</strong></span> <span class='ocrx_word' id='word_1_361' title='bbox 992 3866 1040 3918; x_wconf 81' lang='lat' dir='ltr'><strong>ille.</strong></span> <span class='ocrx_word' id='word_1_362' title='bbox 1061 3867 1138 3922; x_wconf 84' lang='lat' dir='ltr'><strong>Sator</strong></span> 
     </span>
     <span class='ocr_line' id='line_1_55' title="bbox 78 3944 1138 4018; baseline 0.009 -27"><span class='ocrx_word' id='word_1_363' title='bbox 78 3959 125 3994; x_wconf 76' lang='lat' dir='ltr'><strong>etse</strong></span> <span class='ocrx_word' id='word_1_364' title='bbox 141 3945 176 3997; x_wconf 90' lang='lat' dir='ltr'><strong>ait</strong></span> <span class='ocrx_word' id='word_1_365' title='bbox 192 3945 228 3998; x_wconf 92' lang='lat' dir='ltr'><strong>de</strong></span> <span class='ocrx_word' id='word_1_366' title='bbox 248 3947 391 4014; x_wconf 89' lang='lat' dir='ltr'><strong>Neptuno,</strong></span> <span class='ocrx_word' id='word_1_367' title='bbox 408 3962 488 4015; x_wconf 90' lang='lat' dir='ltr'><strong>quem</strong></span> <span class='ocrx_word' id='word_1_368' title='bbox 503 3962 579 3995; x_wconf 84' lang='lat' dir='ltr'><strong>suum</strong></span> <span class='ocrx_word' id='word_1_369' title='bbox 626 3944 817 4016; x_wconf 78' lang='lat' dir='ltr'><strong>Deorum3qui</strong></span> <span class='ocrx_word' id='word_1_370' title='bbox 828 3957 955 4016; x_wconf 83' lang='lat' dir='ltr'><strong>practerea</strong></span> <span class='ocrx_word' id='word_1_371' title='bbox 965 3958 1020 3997; x_wconf 84' lang='lat' dir='ltr'><strong>erat</strong></span> <span class='ocrx_word' id='word_1_372' title='bbox 1031 3965 1138 4018; x_wconf 90' lang='lat' dir='ltr'><strong>quoque</strong></span> 
     </span>
     <span class='ocr_line' id='line_1_56' title="bbox 79 4022 979 4096; baseline 0.001 -24"><span class='ocrx_word' id='word_1_373' title='bbox 79 4037 125 4073; x_wconf 74' lang='lat' dir='ltr'><strong>esse</strong></span> <span class='ocrx_word' id='word_1_374' title='bbox 134 4037 233 4093; x_wconf 86' lang='lat' dir='ltr'><strong>patrem</strong></span> <span class='ocrx_word' id='word_1_375' title='bbox 245 4026 303 4096; x_wconf 82' lang='lat' dir='ltr'><strong>ipse</strong></span> <span class='ocrx_word' id='word_1_376' title='bbox 314 4024 382 4076; x_wconf 89' lang='lat' dir='ltr'><strong>infra</strong></span> <span class='ocrx_word' id='word_1_377' title='bbox 395 4022 581 4076; x_wconf 78' lang='lat' dir='ltr'><strong>declarat&#39;l&#39;lre-</strong></span> <span class='ocrx_word' id='word_1_378' title='bbox 626 4042 689 4074; x_wconf 84' lang='lat' dir='ltr'><strong>avus</strong></span> <span class='ocrx_word' id='word_1_379' title='bbox 705 4037 840 4077; x_wconf 85' lang='lat' dir='ltr'><strong>maternus</strong></span> <span class='ocrx_word' id='word_1_380' title='bbox 854 4024 979 4076; x_wconf 85' lang='lat' dir='ltr'><strong>Phaedrae.</strong></span> 
     </span>
    </p>
   </div>
   <div class='ocr_carea' id='block_1_12' title="bbox 143 4126 1020 4209">
    <p class='ocr_par' dir='ltr' id='par_1_18' title="bbox 143 4126 1020 4209">
     <span class='ocr_line' id='line_1_57' title="bbox 143 4126 1020 4209; baseline 0.003 -24"><span class='ocrx_word' id='word_1_381' title='bbox 143 4126 186 4188; x_wconf 90' lang='lat' dir='ltr'><strong>II.</strong></span> <span class='ocrx_word' id='word_1_382' title='bbox 400 4185 405 4202; x_wconf 47' lang='grc' dir='ltr'><em>Ι</em></span> <span class='ocrx_word' id='word_1_383' title='bbox 1002 4148 1020 4209; x_wconf 69' lang='lat' dir='ltr'><strong>a.</strong></span> 
     </span>
    </p>
   </div>
   <div class='ocr_carea' id='block_1_13' title="bbox 0 0 1323 4814">
    <p class='ocr_par' dir='ltr' id='par_1_19' title="bbox 0 0 1323 4814">
     <span class='ocr_line' id='line_1_58' title="bbox 0 0 1323 4814; baseline 0 0"><span class='ocrx_word' id='word_1_384' title='bbox 0 0 1323 4814; x_wconf 95' lang='lat' dir='ltr'><strong> </strong></span> 
     </span>
    </p>
   </div>
  </div>
 </body>
</html>
