2632 4814
207 351 253 423 30
499 354 539 420 L.
567 353 737 425 ANNAEI
762 352 980 425 SENECAE

253 478 297 545 Et
315 499 437 562 manu,
458 472 586 543 clavam
607 475 710 572 modo
733 500 799 570 qua
824 475 976 570 gerebat,

254 584 326 655 Fila
344 583 482 653 deduxit
505 599 708 677 properante
728 585 813 655 suso.

251 695 346 765 Vidit
365 696 490 779 Persis,
506 693 634 787 ditique
655 694 749 763 lerox

253 805 358 900 Lydia
378 805 648 899 regno,=dejecta
669 804 730 872 leri

254 919 364 1010 Terga
384 913 509 998 leonis,
523 914 757 1008 humerisque,
775 914 897 1009 quibus

253 1024 391 1094 Sederat
408 1025 466 1094 alti
487 1026 578 1119 regia
596 1024 685 1112 caeli,

219 1143 233 1159 “
255 1140 403 1205 Tenuem
422 1136 523 1230 Tyrio
541 1136 684 1204 stamine
703 1133 838 1228 pallam.

254 1251 355 1316 Sacer
376 1262 426 1315 est
444 1247 530 1341 ignis
548 1246 697 1342 (credite
716 1245 835 1341 lasis),

253 1358 474 1450 Nimiumque
496 1372 613 1450 potens
633 1383 640 1424 :
660 1381 727 1449 qua
747 1370 836 1424 terra
855 1354 924 1424 salo

256 1467 415 1560 Cingitur
434 1464 519 1551 alto,
539 1491 674 1559 quaque
691 1464 830 1534 aetherio

255 1574 407 1648 Candida
430 1575 558 1642 mundo
582 1575 690 1644 sidera
711 1590 875 1662 currunt;

255 1691 335 1756 Haec
357 1709 459 1779 regna
481 1699 572 1753 tenet
588 1710 672 1779 puer
692 1684 849 1770 immitis,
906 1730 910 1741 ·

257 1794 392 1890 Spicula
412 1795 506 1887 cujus
528 1796 628 1863 sentit
648 1795 683 1862 in
702 1796 778 1863 imis

256 1904 408 1977 Caerulus
429 1905 528 1974 undis
549 1931 629 2000 grex
648 1904 851 1988 Nereidum,

257 2017 508 2109 Flarnmamque
526 2016 644 2110 nequit
661 2013 808 2083 relevare
832 2014 927 2082 mari.

257 2130 355 2222 Ignes
376 2126 476 2194 sentit
495 2151 599 2219 genus
620 2124 794 2219 aligerum.

144 2240 146 2247 ⁴
257 2241 389 2306 Venere
407 2235 556 2303 instincti
575 2260 674 2328 quam
697 2259 819 2327 magna
838 2248 960 2327 gerunt

252 2399 316 2461 324.
332 2399 497 2466 Properante,
519 2397 641 2450 celeriter
656 2397 728 2451 exoi-
814 2394 880 2459 334.
894 2397 958 2448 Hoec
978 2414 1067 2464 regna,
1080 2408 1131 2448 etc.
1150 2396 1220 2448 Erre
1233 2396 1280 2448 ite·

212 2476 277 2531 tato.
771 2493 833 2527 rum
847 2488 925 2547 atque
938 2477 1033 2528 iterum
1047 2474 1175 2528 describit
1191 2489 1281 2528 auctor

253 2555 320 2610 325.
333 2556 470 2620 Ditiferox
481 2555 560 2626 Lydia
576 2575 659 2625 regno.
676 2559 726 2610 Su·
771 2572 832 2625 quae
848 2556 881 2608 sit
894 2555 991 2607 amoris
1006 2555 1126 2624 potentia
1138 2575 1145 2606 ε
1157 2569 1184 2608 et
1197 2568 1281 2608 totum

208 2637 376 2710 perbientem
396 2635 473 2704 lingit
491 2646 585 2688 auctor
606 2635 722 2707 Lydiam
770 2633 823 2686 hoc
840 2636 900 2703 quis
915 2633 1077 2687 diffitebitur
1095 2635 1211 2688 otiosum
1229 2638 1281 2707 jam

209 2736 293 2786 regno
311 2735 361 2768 suo
380 2713 479 2779 divite,
497 2728 610 2786 propter
626 2716 723 2768 fluvios
766 2713 893 2784 languere
906 2727 933 2767 et
945 2720 1189 2785 supervacaneum?

209 2798 267 2850 auri
286 2807 405 2848 ramenta
422 2795 572 2860 volventes,
595 2794 724 2849 Hermum
810 2793 1221 2864 336.Nereidum,nympharum
1231 2805 1283 2846 ma·

208 2876 311 2930 scilioet
321 2888 347 2927 et
358 2874 503 2927 Pactolum.
769 2870 818 2937 ris,
828 2892 886 2944 quae
899 2874 979 2926 Nerei
993 2886 1019 2926 et
1034 2873 1142 2928 Doridis
1151 2875 1214 2927 lilia
1226 2893 1233 2926 ε
1245 2887 1283 2926 ter

252 2955 319 3008 326.
333 2956 451 3024 Dtp'ecta,
472 2966 566 3019 exuta,
589 2955 721 3025 neglecta3
769 2952 843 3005 mille
856 2952 937 3006 tradit
949 2953 1088 3005 Hesiodus.

209 3036 284 3108 quasi
299 3033 414 3099 diceret,
428 3033 503 3084 humi
518 3033 662 3087 sordentia.
811 3031 874 3101 337.
885 3033 991 3086 Flamm.
1001 3034 1105 3084 relevare
1115 3036 1184 3084 mari.
1193 3033 1278 3098 Quam

252 3116 319 3182 3²9·
337 3115 362 3165 Τ
358 3117 413 3182 γνίο
427 3115 527 3163 stamine
538 3115 645 3184 pallum,
666 3113 684 3166 i.
698 3131 721 3166 e.

208 3194 321 3267 pallam,
338 3210 397 3263 quae
411 3193 478 3262 Tyri
494 3205 563 3245 texta
580 3206 606 3246 et
621 3212 724 3263 purpu-

207 3294 255 3328 reo
268 3274 359 3327 colore
369 3272 450 3325 tincta
467 3271 527 3324 fuit.

251 3354 315 3407 330.
338 3352 426 3415 Sacer,
447 3349 632 3405 exsecrandus.
652 3351 687 3403 Et
701 3352 723 3404 is

206 3451 299 3486 sensus
311 3431 428 3485 occurrit
435 3431 530 3501 saepius
539 3429 612 3502 apud
623 3445 721 3502 poetas.

211 3544 249 3554 -
258 3515 347 3577 Loesis,
361 3510 416 3562 vim
429 3513 484 3580 ejus
498 3511 621 3581 expertis.

252 3591 319 3645 331.
330 3589 407 3654 Salo,
420 3589 497 3642 mari.

195 3731 197 3735 Ι
216 3729 218 3734 λ
253 3670 320 3723 33².
335 3670 450 3747 AEtlterlp
469 3670 564 3722 muodo.
583 3669 665 3722 Caelo.
674 3671 723 3723 Ti·

209 3749 416 3814 tullus,ttl‚1v,
426 3766 458 3819 17
469 3767 495 3801 :a
502 3750 518 3801 J
520 3768 562 3800 am
572 3749 641 3814 Nox,
651 3751 724 3801 cethe-

172 3892 175 3897 γ
210 3833 271 3881 rium
280 3828 363 3899 nigris
378 3846 483 3880 emensa
497 3827 632 3899 quadrigis
643 3829 723 3882 Mun·

207 3908 288 3970 dum,
298 3908 412 3961 caeruleo
423 3907 521 3960 laverat
532 3927 609 3961 amne
619 3921 698 3962 rotas.
708 3934 719 3955 ι

251 3987 461 4065 aramum,
476 3987 586 4058 fulgida.
632 3976 635 3983 ’

767 3109 861 3180 putide
873 3111 975 3165 luditur
989 3113 1016 3164 in
1030 3111 1149 3165 flammas
1167 3113 1277 3175 amoris,

767 3189 846 3243 undis
856 3211 912 3244 non
926 3191 1142 3263 restinguendus!
1154 3193 1229 3246 Nihil
1239 3211 1278 3245 ex·

768 3270 865 3340 quisito
883 3270 985 3342 judicio
1007 3266 1089 3342 magis
1107 3273 1276 3324 contrarium.

810 3349 873 3404 338,
898 3353 1041 3420 Aligerum,
1057 3351 1167 3403 alatum.
1185 3352 1276 3422 Virgil.

767 3429 868 3502 Georg.
880 3431 936 3495 III,
950 3439 1002 3496 ²4²
1016 3452 1023 3482 :
1039 3457 1049 3478 ι
1060 3431 1149 3483 Omne
1162 3431 1229 3484 adeo
1239 3448 1278 3502 ge·

767 3527 818 3561 uus
839 3511 867 3562 in
892 3510 969 3563 terris
996 3509 1191 3582 hominumque
1216 3512 1277 3564 lera-

767 3607 891 3660 rumque,
907 3592 941 3642 Et
953 3609 1034 3660 genus
1049 3608 1220 3659 aequoreum,
1235 3608 1277 3660 pe·

767 3665 863 3735 cades,
871 3669 1003 3740 pictaque
1012 3669 1146 3729 volucres,
1157 3670 1188 3722 Iu
1200 3669 1278 3722 furias

767 3747 911 3819 ignemque
932 3762 1038 3801 ruunt:
1062 3768 1137 3802 amor
1157 3750 1278 3803 omnihus

767 3825 849 3880 idem.
862 3855 872 3875 ι
887 3828 950 3880 ‘Jam
967 3848 1026 3900 sup.
1041 3848 1080 3881 vs.
1094 3832 1159 3898 187.

809 3907 875 3977 339.
895 3909 976 3976 Quam
997 3928 1102 3978 magua,
1125 3922 1177 3961 etc.
1194 3906 1279 3971 Vide,

768 3999 830 4043 aute
843 3989 949 4056 omnia,
965 3987 1109 4041 Animadr.
1122 3987 1156 4041 ad
1169 3989 1199 4039 h.
1211 3988 1230 4041 l.
1243 4017 1279 4030 ·-
