2632 4814
207 359 254 442 aa
500 355 540 422 L.
567 354 746 424 annm
772 353 990 426 sannen
1046 370 1048 373 ·

256 479 322 552 Sed
343 477 411 546 dux
425 475 741 548 malorum‘lemina.
760 479 840 546 Haec
859 476 1024 547 scelerum
1039 474 1161 549 artilex

134 578 137 587 Α
256 588 398 660 Obsedit
416 588 562 676 animos3
582 588 677 682 cujus
696 587 828 657 incestae
846 589 970 682 stupris
1240 612 1278 650 σεο

194 684 198 688 ’
256 704 400 769 Fumant
421 711 471 765 tot
489 698 607 787 urbes,
629 696 718 766 bella
738 712 789 766 tot
811 712 927 793 gentes
946 714 1088 794 gerunt,

254 815 299 881 Et
319 826 414 878 ve'rsa
434 809 477 877 ab
499 809 566 877 imo
586 832 689 903 regna
708 822 759 875 tot
776 807 920 902 populos
941 830 1111 906 premunt.

256 919 425 992 sileantur
445 917 516 986 aliae
536 944 544 986 :
565 917 635 988 sola
653 917 776 1012 conjux
789 920 884 1014 AEgei

256 1030 377 1101 Medea
398 1028 507 1098 reddit
526 1029 665 1098 seminas
684 1028 795 1096 dirum
819 1054 962 1124 genus.›

257 1165 363 1212 nura.
378 1142 449 1211 Cur
466 1139 618 1209 omnium
640 1138 680 1207 fit
697 1135 797 1232 culpa
813 1163 995 1232 paucarum
1012 1143 1142 1238 scelus?
1241 1168 1278 1209 ses

209 1368 723 1440 msefemiuas,scelerumquepeosimao
767 1379 956 1440 temperatum,
975 1370 1084 1442 siquid
1104 1374 1186 1444 paolo
1208 1388 1280 1428 ecer-

210 1451 376 1504 inventrices.
387 1449 528 1520 Explicant
540 1448 584 1501 alii
597 1468 603 1500 :
619 1449 670 1512 nil,
683 1449 723 1500 ni·
766 1447 826 1499 bius
836 1447 904 1502 ineat
917 1451 1062 1504 sententies.
1075 1485 1115 1494 -
1124 1453 1208 1519 -Ησεσ,
1222 1454 1279 1507 scil.

211 1529 285 1596 hilo,
304 1548 473 1600 nequaquam
493 1531 573 1582 mitius
587 1530 651 1596 seris
671 1539 721 1590 est,
767 1527 874 1581 femina.

211 1612 387 1664 novercarum
409 1627 446 1661 se.
470 1627 555 1679 genos
576 1606 624 1671 (ut
642 1609 723 1680 paulo
809 1607 873 1662 tac
887 1608 971 1679 Cujus.
983 1611 1046 1665 Haec
1060 1615 1112 1677 est,
1124 1615 1215 1684 cujus,
1228 1625 1278 1666 etc.

211 1691 368 1758 inl.feminas
375 1689 453 1740 dinem
462 1684 548 1758 genus)
559 1708 567 1754 ;
578 1708 658 1761 quem
666 1706 724 1741 cer·
810 1686 876 1741 561.
888 1688 960 1741 Bella
972 1700 1010 1742 tot
1017 1703 1100 1765 gentes
1114 1705 1213 1762 gerunt.
1224 1694 1280 1746 No-

212 1784 238 1823 te
253 1788 358 1822 sensum
370 1768 486 1839 exprimi
500 1768 584 1822 voluit
598 1767 724 1839 Scaliger.
768 1778 825 1818 tum
845 1765 989 1822 decennale
1009 1770 1133 1837 bellum,
1155 1785 1181 1826 et
1199 1772 1279 1824 Ilium

212 1848 278 1903 vid.
296 1847 436 1913 Animadv.
454 1847 567 1913 Seneca,
587 1861 652 1902 teste
675 1850 726 1900 Ba·
767 1859 880 1916 propter
893 1848 1020 1902 Helenam
1037 1867 1166 1904 eversum.
1182 1852 1279 1914 Duris,

212 1929 275 1982 den.
289 1929 454 1981 anteoculos
467 1928 638 1982 habuitillud
648 1929 725 1982 Euri·
768 1926 854 1978 lih.11
869 1927 1004 1994 historie,
1029 1929 1150 2000 prodidit
1168 1945 1280 2002 propter

211 2007 291 2081 pidia,
304 2025 335 2060 ex
346 2005 495 2072 Alcestide,
507 2009 559 2061 310
570 2030 576 2060 :
587 1997 668 2079 ἐχθρὰ
677 2008 724 2081 γὰρ
768 2005 1025 2079 Thennoaquodam
1032 2009 1280 2082 Phocensiraptam,

210 2091 226 2147 ἡ
239 2086 337 2141 ’πιοῦσα
350 2085 454 2157 μητρυιὰ
464 2091 618 2149 τέκνοιςΤοῖς
629 2090 725 2160 πρόσθ’,
768 2083 928 2139 decennium
942 2087 1057 2141 solidum
1067 2089 1279 2144 Thebanoseum

213 2163 311 2237 titanae
326 2163 395 2221 catto
409 2169 553 2238 ἧπιωτέρα,
562 2169 580 2222 i.
594 2187 617 2222 e.
629 2169 668 2222 nil
680 2174 726 2222 mi·
768 2165 966 2220 Phoceensibus
975 2168 1047 2223 lento
1061 2167 1151 2235 duello
1160 2170 1278 2231 collisos,

214 2252 261 2300 tior
273 2250 367 2318 viprero.
768 2257 795 2297 et
806 2245 913 2298 tandem
925 2247 1119 2301 Phoceensium
1131 2250 1227 2302 urbem
1240 2269 1280 2301 ex·

255 2327 320 2396 559.
343 2325 393 2379 Sed
412 2325 463 2378 dux
484 2326 601 2380 malorum
623 2331 724 2392 flemina.
767 2325 856 2378 cisum.
870 2327 938 2378 Belli
951 2325 1025 2398 quod
1042 2329 1186 2400 Cambyses
1199 2333 1280 2398 AEgy·

213 2407 376 2461 Sententiam
387 2407 725 2478 hancreperiasapudom-
767 2405 830 2476 ptiis
854 2406 960 2472 intulit,
985 2407 1087 2461 Nicetis
1109 2409 1201 2480 Apriae
1224 2409 1280 2462 fitia

212 2486 323 2551 nes,vel
335 2486 546 2558 antiquissimos,
558 2501 661 2559 poetas,
674 2488 726 2541 Or·
768 2502 845 2538 causa
855 2485 921 2551 fnit,
937 2498 1045 2539 auctore
1054 2488 1156 2554 Ctesia,
1175 2501 1226 2542 etc.
1239 2488 1281 2541 Cf.

212 2567 313 2639 pheum
334 2565 472 2632 videlicet,
489 2567 651 2634 Homerum,
667 2568 724 2620 Me·
767 2564 868 2617 Athen.
882 2566 964 2628 XIII,
978 2573 1010 2632 4,
1020 2579 1046 2621 et
1058 2568 1197 2622 Parthenii
1213 2570 1280 2621 Ero·

213 2645 361 2711 nandrum,
372 2645 528 2718 Diphilum,
540 2647 724 2701 Philemonem
767 2643 826 2697 tica.
844 2645 932 2698 Danu.

213 2741 241 2780 et
252 2725 419 2798 Euripidem.
433 2727 522 2790 Quam
537 2725 645 2798 quidem
652 2729 726 2782 rnul-
810 2723 877 2777 56².
888 2725 1019 2790 Fremant,
1028 2726 1124 2786 ruinis,
1136 2728 1202 2780 leto.

213 2819 242 2860 to
261 2806 349 2860 minus
363 2825 440 2876 aequo
455 2807 614 2878 acciperent
623 2820 725 2860 nostra-
810 2801 876 2866 564.
886 2805 983 2859 Medea.
992 2806 1059 2871 Quae
1069 2820 1172 2877 patrem
1184 2805 1282 2860 OEtam

214 2898 253 2940 tes
267 2885 353 2951 Galli,
366 2886 434 2938 serio
446 2887 594 2956 praesertim
605 2887 634 2938 in
648 2907 726 2958 argu·
768 2881 904 2953 prodidit,
915 2884 1025 2938 fratrem
1033 2887 1179 2957 Absyrtum
1187 2886 1282 2940 discer-

214 2978 320 3030 mento,
337 2965 388 3019 nisi
410 2965 582 3036 mitigavisset
603 2967 728 3020 carminis
769 2964 835 3032 psit,
848 2963 948 3016 Peliam
963 2966 1042 3018 ostiis
1053 2966 1160 3018 filiabus
1167 2966 1282 3037 jugulari

214 3046 360 3117 elegantia,
380 3058 425 3098 aut
448 3058 509 3117 apte
528 3047 727 3116 preparavisset
770 3043 846 3106 fecit,
861 3043 1005 3097 Creontem
1019 3063 1081 3097 cum
1096 3046 1151 3098 filie
1166 3047 1283 3110 Glauca,

214 3126 354 3179 scribentis
367 3119 505 3178 calliditas.
524 3127 617 3196 Itaque
633 3127 728 3179 melius
771 3112 821 3191 (ut
840 3122 901 3188 alii,
919 3121 1035 3188 Creusa)
1055 3123 1194 3179 medicatis
1213 3125 1282 3196 igni·

215 3205 306 3258 Nostri
318 3203 391 3277 quod
405 3204 481 3257 decet
501 3206 685 3270 retinuerunt3
699 3218 728 3258 ut
770 3203 820 3254 bus
835 3204 994 3274 assumpsit,
1011 3204 1110 3258 liberos
1130 3225 1193 3258 suos
1210 3207 1283 3258 Mor·

214 3285 335 3339 feceruut
346 3285 521 3338 nihilominus
535 3283 606 3355 apud
618 3287 729 3338 Veteres
771 3300 877 3334 morum
893 3301 924 3335 ac
933 3284 1085 3336 Pheretrem
1096 3285 1124 3336 in
1134 3283 1228 3338 odium
1239 3285 1282 3337 Ja-

214 3363 728 3436 Hesiodus,Simonidesque;etpraeser·
771 3362 842 3414 sonis
858 3381 947 3415 coram
960 3377 1036 3433 patre
1050 3362 1167 3429 occidit3
1180 3364 1283 3436 lugiens

216 3445 264 3498 tim
278 3446 403 3516 scriptor,
417 3444 597 3516 nescioquis,
611 3445 728 3511 vetulus,
773 3454 862 3493 autem
880 3443 999 3496 Athenas
1013 3447 1095 3513 AEgeo
1108 3456 1211 3516 nupta,
1226 3444 1283 3498 Mc·

216 3522 313 3594 dequo
325 3526 409 3577 sertur
423 3542 535 3595 sequens
546 3523 708 3595 epigramma
719 3545 725 3576 ι
773 3519 837 3572 dum
848 3524 962 3593 peperit,
971 3522 999 3574 iu
1009 3524 1084 3593 cujus
1091 3525 1204 3594 gratiam
1215 3524 1285 3576 The·
1302 3565 1309 3577 .

219 3603 328 3657 -Crede
346 3617 431 3657 ratem
446 3604 531 3656 ventis
542 3625 548 3654 ε
561 3605 680 3657 animum
694 3624 728 3657 ne
772 3619 816 3653 seo
830 3599 951 3654 insidiata
967 3615 1012 3654 est.
1028 3603 1114 3654 Fran.
1136 3633 1177 3643 -
1195 3603 1286 3655 Reddit

216 3681 294 3736 erede
305 3683 410 3755 puellis.
424 3684 546 3754 Namque
559 3695 597 3736 est
612 3684 728 3737 feminea
767 3682 828 3748 sem.
839 3681 917 3733 dirum
926 3701 1011 3752 genus.
1019 3682 1052 3735 IL
1061 3701 1085 3734 e.
1094 3681 1168 3753 quod
1180 3681 1214 3734 de
1224 3682 1285 3755 Cly-

216 3762 298 3815 tutior
308 3761 380 3815 unda
395 3761 458 3815 fide.
471 3763 580 3815 Femina
590 3763 663 3815 nulla
677 3764 728 3815 bo·
772 3773 921 3813 taemnestrn
940 3761 1042 3815 dixerut
1059 3761 1168 3815 Homer.
1185 3760 1284 3832 Odyss.

215 3861 250 3919 na
271 3855 328 3906 cst,
347 3843 389 3894 vel
407 3843 428 3893 si
446 3844 518 3895 bona
534 3842 646 3913 contigit
663 3844 727 3906 ulli,
771 3841 825 3906 XI,
848 3840 925 3903 432:
946 3824 968 3894 it
989 3862 1017 3895 τι
1038 3850 1095 3894 κατ’
1114 3836 1199 3910 αἶσχος
1216 3843 1284 3910 ἔχευε

216 3921 313 3975 Nescio
327 3920 448 3992 quolato
462 3940 504 3974 res
517 3923 584 3975 mala
598 3923 665 3974 lacta
678 3924 727 3975 ho·
772 3921 814 3973 καὶ
834 3921 992 3990 ἐσσομένῃσιν
1016 3921 1111 3974 ὀπίσσω
1133 3923 1286 3992 Θηλυτέρῃσι

216 4021 251 4054 na
278 4013 326 4054 est.
343 4026 353 4046 ι
382 4002 502 4054 Acumen
532 4001 729 4072 epigrammatis
773 3999 1287 4072 γυναιξὶ,καὶήκἐὐεργὸςῖῃσιν.ΒΑυιι.
