2632 4814
495 399 537 464 L.
563 396 746 468 ANNAEI
772 397 983 468 SENECAE

328 516 404 585 Sive
424 513 507 588 illud
527 519 636 588 Arabs
655 518 759 588 divite
781 519 880 609 silva,

329 626 406 696 Sive
425 625 544 697 ferocis
560 629 641 724 juga
659 633 825 726 Pyrenes,

268 786 272 795 =
329 737 406 807 Sive
425 739 573 832 Hyrcani
592 738 702 810 celant
723 739 844 824 saltur,

329 847 521 941 Vaeuisque
539 861 644 944 vagus
660 854 813 920 Sarmata
832 853 977 946 campis,

275 956 285 977 '
328 960 436 1027 Arcus
454 960 590 1046 metuit,
612 962 739 1049 Diana,
764 976 849 1032 tuos.

327 1069 401 1143 Tua
420 1068 447 1136 si
468 1084 583 1163 gratus
599 1072 737 1140 numina
756 1071 867 1141 cultor

328 1176 422 1247 Tulit
441 1179 475 1247 in
496 1179 615 1268 saltus,
636 1183 720 1250 retia
739 1183 867 1251 vinctas

329 1291 483 1361 Tenuere
504 1290 608 1373 feras;
629 1291 714 1361 nulli
730 1291 887 1386 laqueum
983 1362 987 1373 ,

221 1398 225 1406 ’
329 1401 464 1494 Rupere
485 1400 606 1494 pedes;
623 1400 730 1470 fertur
748 1401 901 1496 plaustro

329 1509 443 1580 Praeda
464 1513 621 1605 gementi.
642 1514 729 1579 Tum
746 1527 853 1581 rostra
873 1537 970 1580 canes

329 1620 499 1713 Sanguine
515 1619 622 1689 multo
643 1621 833 1691 rubicunda
854 1635 995 1716 gerunt3

329 1728 531 1821 Repetitque
551 1755 642 1806 casas
658 1732 784 1801 rustica
804 1732 906 1827 longo

592 1842 705 1910 Turba
726 1841 910 1937 triumphe.
1257 1859 1284 1897 *ο

250 1962 297 2014 68.
310 1960 394 2012 Arabs
410 1960 483 2013 dicite
498 1962 566 2015 silva.
581 1965 666 2018 Arabs
680 1963 722 2017 di·
768 1966 839 2018 ferae.
850 1995 891 2007 -
900 1965 994 2033 Rapere
1005 1963 1122 2032 laqueans.
1137 1961 1284 2027 Horatius,

210 2056 254 2092 ves
265 2058 298 2092 ex
309 2040 389 2104 silva,
402 2055 549 2094 aromatum
562 2043 652 2097 lornei.
769 2043 820 2098 Od.
840 2046 867 2108 1,
881 2062 906 2108 r,
923 2045 974 2107 28,
987 2042 1070 2094 refert
1082 2040 1184 2112 aliquid
1201 2059 1283 2111 pror-

251 2123 297 2188 69.
310 2120 408 2173 Ferocis
414 2123 477 2191 jugo
489 2123 605 2192 Pyrenes.
618 2124 723 2180 Montes
768 2142 811 2177 sus
820 2124 921 2176 simile:
935 2148 945 2169 ι
957 2141 1001 2174 seu
1015 2121 1089 2192 rupit
1101 2132 1197 2173 teretes
1208 2122 1282 2173 Mar·

209 2199 345 2269 Pyrenei,
358 2219 372 2252 a
385 2202 501 2272 Pyrene,
515 2202 570 2254 filia
581 2204 722 2274 Bebrycis;
767 2223 811 2256 sus
824 2223 888 2275 aper
901 2202 999 2272 plagas.
1013 2227 1024 2248 ι
1118 2232 1120 2237 ·

208 2279 271 2350 quia
284 2280 322 2332 ibi
334 2280 383 2333 tuit
394 2300 542 2352 compressa
554 2284 588 2335 ab
598 2283 723 2349 Hercule,
808 2301 856 2353 77.
868 2282 977 2345 Praeda,
989 2282 1007 2332 i.
1026 2299 1051 2333 e.
1067 2280 1121 2332 fera
1132 2279 1219 2343 victa,
1237 2297 1281 2332 ra·

209 2370 240 2413 ut
251 2359 345 2412 volunt
356 2361 460 2419 labulae.
468 2362 520 2414 Vel
528 2363 578 2415 ἀπὸ
586 2369 628 2415 τοῦ
635 2370 722 2434 πυρὸς,
767 2375 822 2434 pta.
831 2393 868 2404 -
881 2362 1003 2423 Gemma,
1016 2379 1066 2432 pro
1078 2360 1190 2411 stridenti
1203 2359 1283 2430 poni·

208 2451 321 2509 propter
340 2440 511 2506 incendium,
529 2461 583 2512 quo
604 2442 723 2512 flagravit
768 2456 822 2506 tur,
841 2454 871 2494 ut
880 2440 953 2513 apud
966 2441 1041 2511 Virg.
1063 2440 1192 2501 AEn.x1‚
1214 2438 1282 2494 138.

206 2517 314 2571 illorum
336 2521 470 2573 montium
494 2522 569 2586 silva,
589 2523 687 2593 injecto
707 2541 723 2576 a
768 2521 1019 2584 -Rostra‚rictus.

209 2599 359 2668 pastoribus
372 2599 442 2670 igne.
458 2601 540 2653 Ferox
554 2601 654 2655 dicitur
668 2603 722 2675 Py·
809 2620 854 2672 79.
865 2601 1006 2670 Repetitqac
1018 2619 1098 2663 cosm,
1116 2611 1169 2650 etc.
1180 2598 1283 2651 Preter

208 2695 286 2743 rene,
299 2679 333 2730 ab
344 2678 493 2732 incolarum
508 2682 621 2735 feritate.
767 2681 836 2734 hunc
850 2680 1037 2750 triumphalem
1055 2696 1181 2750 pompam
1191 2694 1282 2733 ‚venv

250 2776 293 2827 7ο.
302 2759 415 2830 Hyrcani
422 2761 507 2813 soltus.
518 2762 650 2832 Hyrcania
661 2762 723 2833 Scy·
768 2761 863 2814 toriam
879 2773 986 2831 penates
1001 2777 1061 2811 cum
1078 2776 1172 2828 magna
1188 2755 1283 2826 preda

207 2837 723 2911 tbiaecontermina.Fannia.--Tigrer,
767 2841 959 2910 repetentium,
971 2839 1173 2907 celebrabantur
1190 2835 1282 2889 idibus

211 2917 289 2987 Virg.
300 2921 361 2969 AEn.
371 2919 420 2984 IV,
434 2920 500 2990 367.
767 2919 885 2991 Augusti
899 2920 963 2971 leste
976 2919 1004 2971 in
1025 2919 1159 2969 honorem
1176 2917 1280 2969 Dianae.

252 3015 299 3066 7¹·
314 2998 406 3049 Vacrn's
421 3003 518 3071 campis.
540 3000 665 3065 Incultis,
677 3019 721 3052 so·
767 3000 915 3053 Venatorcs
936 2999 1048 3059 scilicet,
1071 2996 1168 3069 eximio
1186 2997 1280 3061 cultu,

209 3075 257 3141 lis,
267 3076 325 3128 sine
336 3077 451 3147 oppidis.
459 3111 498 3122 -
509 3080 612 3149 Vagus,
629 3098 722 3132 carens
767 3080 868 3132 facibus
882 3079 973 3130 armati
981 3115 988 3135 ‚
996 3095 1101 3129 necnon
1112 3076 1187 3128 omni
1200 3093 1280 3128 vana·

209 3156 288 3209 certis
304 3155 421 3211 sedibus.
548 3157 551 3162 ’
712 3158 715 3171 ’
766 3159 817 3210 tica
829 3158 1085 3228 supellectili,eanes
1094 3154 1281 3226 producebant

251 3243 296 3306 73.
315 3237 368 3288 Tua
389 3240 523 3306 rigantur,
538 3250 589 3291 etc.
600 3239 668 3292 Vult
682 3238 722 3290 in·
765 3239 838 3291 vittis
849 3251 966 3300 ornatos,
972 3238 1166 3305 veniebantque
1174 3235 1226 3287 rite
1232 3252 1278 3286 sua

209 3316 293 3387 telligi
306 3313 452 3369 Farnobius
463 3337 469 3368 :
482 3340 492 3361 ι
506 3317 534 3369 Si
554 3318 598 3371 cui
619 3336 720 3370 numan
766 3319 878 3389 quisque
891 3316 960 3368 dona
978 3316 1094 3368 oblaturi
1109 3316 1190 3378 Dea,
1204 3315 1280 3385 cujus

207 3407 284 3448 tuum
296 3397 443 3461 invocanti,
456 3409 559 3467 partem
567 3396 664 3468 prredrc
674 3416 720 3449 vo·
765 3417 844 3469 opem
861 3411 886 3451 et
906 3396 1131 3467 imploraverant,
1154 3401 1180 3446 et
1192 3395 1279 3464 impe·

182 3527 184 3531 ,
209 3475 297 3539 venti,
319 3477 489 3529 venationem
513 3477 565 3528 rite
579 3475 721 3548 adgressa,
764 3475 1279 3547 trarecontigerat.Atheniensesollero·

209 3555 326 3607 adfueris
345 3555 462 3626 praedam
484 3556 585 3627 largita.
600 3583 611 3604 n
629 3558 721 3628 Expli·
749 3557 829 3610 ‘bant
844 3548 964 3633 bimum,
975 3553 1082 3607 haedum
1096 3554 1205 3605 niveum
1215 3591 1223 3617 ,
1235 3553 1277 3604 vel

208 3646 250 3688 eat
261 3634 396 3687 Botheus:
412 3662 423 3683 ι
434 3636 460 3689 Si
474 3636 567 3705 plenus
579 3636 618 3688 tui
632 3637 721 3689 numi·
765 3649 882 3689 taurum.
894 3634 938 3687 Ad
951 3647 1055 3704 tempus
1066 3650 1152 3702 usque
1163 3632 1278 3704 Lycurgi

204 3714 247 3765 nis
266 3713 343 3766 silvas
361 3715 469 3768 intravit
490 3716 584 3768 cultor.
600 3705 611 3762 Ᾰ
630 3717 721 3769 Poste·
764 3720 888 3768 hnmanae
900 3713 1013 3766 victimat
1033 3715 1060 3765 in
1074 3713 1126 3765 aria
1140 3711 1277 3764 caedeban-

205 3793 303 3851 riorcm
314 3793 502 3847 buncsensum
513 3796 721 3866 magis‘libenter
766 3808 810 3848 tur
829 3793 903 3864 apud
921 3791 1192 3846 Lacedaemonienses.
1208 3789 1279 3843 Vide

206 3873 396 3944 acciperemus.
765 3873 892 3945 Apollod.
904 3875 932 3937 I,
955 3880 1004 3938 110,
1021 3886 1047 3925 et
1057 3874 1114 3936 Ill,
1133 3871 1167 3934 53
1181 3872 1277 3924 Pausa-

246 3953 283 4023 75
296 3971 337 4023 sq.
349 3953 423 4007 Nulli
436 3952 545 4023 loqaeom
557 3955 650 4023 Rupere
662 3954 719 4023 ped.
765 3955 854 4017 niam,
872 3954 955 4016 VIII,
974 3952 989 4003 3
1013 3965 1039 4005 et
1061 3952 1114 4019 373
1139 3952 1224 4006 Cicer.
1244 3949 1278 4003 de

205 4031 237 4092 Id
251 4045 304 4097 est,
318 4031 386 4085 nulli
398 4031 480 4103 pedes
493 4033 609 4087 ferarum
620 4072 628 4102 ,
638 4034 719 4117 nullae
765 4034 827 4088 Nat.
840 4035 921 4086 Deor.
931 4031 978 4085 lib.
992 4033 1041 4084 III.
